%%
% 参考文献
% 参考文献是毕业设计(论文)不可缺少的组成部分,它反映毕业设计(论文)的取材来源、材料的广博程度和材料的可靠程度,也是作者对他人知识成果的承认和尊重。一份完整的参考文献可向读者提供一份有价值的信息资料,列入的文献应在 10 篇以上,其中外文文献在 2 篇以上。
%%

@String(PAMI = {IEEE Trans. Pattern Anal. Mach. Intell.})
@String(IJCV = {Int. J. Comput. Vis.})
@String(CVPR= {IEEE Conf. Comput. Vis. Pattern Recog.})
@String(ICCV= {Int. Conf. Comput. Vis.})
@String(ECCV= {Eur. Conf. Comput. Vis.})
@String(NIPS= {Adv. Neural Inform. Process. Syst.})
@String(ICPR = {Int. Conf. Pattern Recog.})
@String(BMVC= {Brit. Mach. Vis. Conf.})
@String(TOG= {ACM Trans. Graph.})
@String(TIP  = {IEEE Trans. Image Process.})
@String(TVCG  = {IEEE Trans. Vis. Comput. Graph.})
@String(TMM  = {IEEE Trans. Multimedia})
@String(ACMMM= {ACM Int. Conf. Multimedia})
@String(ICME = {Int. Conf. Multimedia and Expo})
@String(ICASSP=	{ICASSP})
@String(ICIP = {IEEE Int. Conf. Image Process.})
@String(ACCV  = {ACCV})
@String(ICLR = {Int. Conf. Learn. Represent.})
@String(IJCAI = {IJCAI})
@String(PR   = {Pattern Recognition})
@String(AAAI = {AAAI})
@String(CVPRW= {IEEE Conf. Comput. Vis. Pattern Recog. Worksh.})
@String(CSVT = {IEEE Trans. Circuit Syst. Video Technol.})

@String(SPL	= {IEEE Sign. Process. Letters})
@String(VR   = {Vis. Res.})
@String(JOV	 = {J. Vis.})
@String(TVC  = {The Vis. Comput.})
@String(JCST  = {J. Comput. Sci. Tech.})
@String(CGF  = {Comput. Graph. Forum})
@String(CVM = {Computational Visual Media})


@String(PAMI  = {IEEE TPAMI})
@String(IJCV  = {IJCV})
@String(CVPR  = {CVPR})
@String(ICCV  = {ICCV})
@String(ECCV  = {ECCV})
@String(NIPS  = {NeurIPS})
@String(ICPR  = {ICPR})
@String(BMVC  =	{BMVC})
@String(TOG   = {ACM TOG})
@String(TIP   = {IEEE TIP})
@String(TVCG  = {IEEE TVCG})
@String(TCSVT = {IEEE TCSVT})
@String(TMM   =	{IEEE TMM})
@String(ACMMM = {ACM MM})
@String(ICME  =	{ICME})
@String(ICASSP=	{ICASSP})
@String(ICIP  = {ICIP})
@String(ACCV  = {ACCV})
@String(ICLR  = {ICLR})
@String(IJCAI = {IJCAI})
@String(PR = {PR})
@String(AAAI = {AAAI})
@String(CVPRW= {CVPRW})
@String(CSVT = {IEEE TCSVT})


@article{mildenhall2021nerf,
  title={Nerf: Representing scenes as neural radiance fields for view synthesis},
  author={Mildenhall, Ben and Srinivasan, Pratul P and Tancik, Matthew and Barron, Jonathan T and Ramamoorthi, Ravi and Ng, Ren},
  journal={Communications of the ACM},
  volume={65},
  number={1},
  pages={99--106},
  year={2021},
  publisher={ACM New York, NY, USA}
}

@inproceedings{liu2023zero,
  title={Zero-1-to-3: Zero-shot one image to 3d object},
  author={Liu, Ruoshi and Wu, Rundi and Van Hoorick, Basile and Tokmakov, Pavel and Zakharov, Sergey and Vondrick, Carl},
  booktitle={Proceedings of the IEEE/CVF International Conference on Computer Vision},
  pages={9298--9309},
  year={2023}
}

@article{zhang2023controlcom,
  title={Controlcom: Controllable image composition using diffusion model},
  author={Zhang, Bo and Duan, Yuxuan and Lan, Jun and Hong, Yan and Zhu, Huijia and Wang, Weiqiang and Niu, Li},
  journal={arXiv preprint arXiv:2308.10040},
  year={2023}
}

@article{li2023sweetdreamer,
  title={Sweetdreamer: Aligning geometric priors in 2d diffusion for consistent text-to-3d},
  author={Li, Weiyu and Chen, Rui and Chen, Xuelin and Tan, Ping},
  journal={arXiv preprint arXiv:2310.02596},
  year={2023}
}

@article{huang2023dreamcontrol,
  title={DreamControl: Control-Based Text-to-3D Generation with 3D Self-Prior},
  author={Huang, Tianyu and Zeng, Yihan and Zhang, Zhilu and Xu, Wan and Xu, Hang and Xu, Songcen and Lau, Rynson WH and Zuo, Wangmeng},
  journal={arXiv preprint arXiv:2312.06439},
  year={2023}
}

@inproceedings{yu2023points,
  title={Points-to-3d: Bridging the gap between sparse points and shape-controllable text-to-3d generation},
  author={Yu, Chaohui and Zhou, Qiang and Li, Jingliang and Zhang, Zhe and Wang, Zhibin and Wang, Fan},
  booktitle={Proceedings of the 31st ACM International Conference on Multimedia},
  pages={6841--6850},
  year={2023}
}

@inproceedings{chen2023control3d,
  title={Control3d: Towards controllable text-to-3d generation},
  author={Chen, Yang and Pan, Yingwei and Li, Yehao and Yao, Ting and Mei, Tao},
  booktitle={Proceedings of the 31st ACM International Conference on Multimedia},
  pages={1148--1156},
  year={2023}
}

@article{raj2023dreambooth3d,
  title={Dreambooth3d: Subject-driven text-to-3d generation},
  author={Raj, Amit and Kaza, Srinivas and Poole, Ben and Niemeyer, Michael and Ruiz, Nataniel and Mildenhall, Ben and Zada, Shiran and Aberman, Kfir and Rubinstein, Michael and Barron, Jonathan and others},
  journal={arXiv preprint arXiv:2303.13508},
  year={2023}
}

@inproceedings{poole2022dreamfusion,
  title={DreamFusion: Text-to-3D using 2D Diffusion},
  author={Poole, Ben and Jain, Ajay and Barron, Jonathan T and Mildenhall, Ben},
  booktitle={The Eleventh International Conference on Learning Representations},
  year={2022}
}

@article{lu2023dreamcom,
  title={Dreamcom: Finetuning text-guided inpainting model for image composition},
  author={Lu, Lingxiao and Zhang, Bo and Niu, Li},
  journal={arXiv preprint arXiv:2309.15508},
  year={2023}
}

@inproceedings{song2023objectstitch,
  title={ObjectStitch: Object Compositing With Diffusion Model},
  author={Song, Yizhi and Zhang, Zhifei and Lin, Zhe and Cohen, Scott and Price, Brian and Zhang, Jianming and Kim, Soo Ye and Aliaga, Daniel},
  booktitle={Proceedings of the IEEE/CVF Conference on Computer Vision and Pattern Recognition},
  pages={18310--18319},
  year={2023}
}

@article{seyfioglu2023dreampaint,
  title={DreamPaint: Few-Shot Inpainting of E-Commerce Items for Virtual Try-On without 3D Modeling},
  author={Seyfioglu, Mehmet Saygin and Bouyarmane, Karim and Kumar, Suren and Tavanaei, Amir and Tutar, Ismail B},
  journal={arXiv preprint arXiv:2305.01257},
  year={2023}
}

@article{cui2023street,
  title={Street TryOn: Learning In-the-Wild Virtual Try-On from Unpaired Person Images},
  author={Cui, Aiyu and Mahajan, Jay and Shah, Viraj and Gomathinayagam, Preeti and Lazebnik, Svetlana},
  journal={arXiv preprint arXiv:2311.16094},
  year={2023}
}

@article{tang2023realfill,
  title={Realfill: Reference-driven generation for authentic image completion},
  author={Tang, Luming and Ruiz, Nataniel and Chu, Qinghao and Li, Yuanzhen and Holynski, Aleksander and Jacobs, David E and Hariharan, Bharath and Pritch, Yael and Wadhwa, Neal and Aberman, Kfir and others},
  journal={arXiv preprint arXiv:2309.16668},
  year={2023}
}

@inproceedings{yang2023uni,
  title={Uni-paint: A Unified Framework for Multimodal Image Inpainting with Pretrained Diffusion Model},
  author={Yang, Shiyuan and Chen, Xiaodong and Liao, Jing},
  booktitle={Proceedings of the 31st ACM International Conference on Multimedia},
  pages={3190--3199},
  year={2023}
}

@article{xie2023dreaminpainter,
  title={DreamInpainter: Text-Guided Subject-Driven Image Inpainting with Diffusion Models},
  author={Xie, Shaoan and Zhao, Yang and Xiao, Zhisheng and Chan, Kelvin CK and Li, Yandong and Xu, Yanwu and Zhang, Kun and Hou, Tingbo},
  journal={arXiv preprint arXiv:2312.03771},
  year={2023}
}

@inproceedings{zhang2023continuous,
  title={Continuous layout editing of single images with diffusion models},
  author={Zhang, Zhiyuan and Huang, Zhitong and Liao, Jing},
  booktitle={Computer Graphics Forum},
  volume={42},
  number={7},
  pages={e14966},
  year={2023},
  organization={Wiley Online Library}
}

@article{orgad2023editing,
  title={Editing implicit assumptions in text-to-image diffusion models},
  author={Orgad, Hadas and Kawar, Bahjat and Belinkov, Yonatan},
  journal={arXiv preprint arXiv:2303.08084},
  year={2023}
}

@InProceedings{Zhang_2023_CVPR,
    author    = {Zhang, Zhixing and Han, Ligong and Ghosh, Arnab and Metaxas, Dimitris N. and Ren, Jian},
    title     = {SINE: SINgle Image Editing With Text-to-Image Diffusion Models},
    booktitle = {Proceedings of the IEEE/CVF Conference on Computer Vision and Pattern Recognition (CVPR)},
    month     = {June},
    year      = {2023},
    pages     = {6027-6037}
}

@inproceedings{zhang2023sine,
  title={Sine: Single image editing with text-to-image diffusion models},
  author={Zhang, Zhixing and Han, Ligong and Ghosh, Arnab and Metaxas, Dimitris N and Ren, Jian},
  booktitle={Proceedings of the IEEE/CVF Conference on Computer Vision and Pattern Recognition},
  pages={6027--6037},
  year={2023}
}

@article{choi2023custom,
  title={Custom-edit: Text-guided image editing with customized diffusion models},
  author={Choi, Jooyoung and Choi, Yunjey and Kim, Yunji and Kim, Junho and Yoon, Sungroh},
  journal={arXiv preprint arXiv:2305.15779},
  year={2023}
}

@article{krishna2017visual,
  title={Visual genome: Connecting language and vision using crowdsourced dense image annotations},
  author={Krishna, Ranjay and Zhu, Yuke and Groth, Oliver and Johnson, Justin and Hata, Kenji and Kravitz, Joshua and Chen, Stephanie and Kalantidis, Yannis and Li, Li-Jia and Shamma, David A and others},
  journal={International journal of computer vision},
  volume={123},
  pages={32--73},
  year={2017},
  publisher={Springer}
}

@inproceedings{lin2014microsoft,
  title={Microsoft coco: Common objects in context},
  author={Lin, Tsung-Yi and Maire, Michael and Belongie, Serge and Hays, James and Perona, Pietro and Ramanan, Deva and Doll{\'a}r, Piotr and Zitnick, C Lawrence},
  booktitle={Computer Vision--ECCV 2014: 13th European Conference, Zurich, Switzerland, September 6-12, 2014, Proceedings, Part V 13},
  pages={740--755},
  year={2014},
  organization={Springer}
}

@article{thomee2016yfcc100m,
  title={YFCC100M: The new data in multimedia research},
  author={Thomee, Bart and Shamma, David A and Friedland, Gerald and Elizalde, Benjamin and Ni, Karl and Poland, Douglas and Borth, Damian and Li, Li-Jia},
  journal={Communications of the ACM},
  volume={59},
  number={2},
  pages={64--73},
  year={2016},
  publisher={ACM New York, NY, USA}
}

@inproceedings{sharma2018conceptual,
  title={Conceptual captions: A cleaned, hypernymed, image alt-text dataset for automatic image captioning},
  author={Sharma, Piyush and Ding, Nan and Goodman, Sebastian and Soricut, Radu},
  booktitle={Proceedings of the 56th Annual Meeting of the Association for Computational Linguistics (Volume 1: Long Papers)},
  pages={2556--2565},
  year={2018}
}

@inproceedings{changpinyo2021conceptual,
  title={Conceptual 12m: Pushing web-scale image-text pre-training to recognize long-tail visual concepts},
  author={Changpinyo, Soravit and Sharma, Piyush and Ding, Nan and Soricut, Radu},
  booktitle={Proceedings of the IEEE/CVF Conference on Computer Vision and Pattern Recognition},
  pages={3558--3568},
  year={2021}
}

@article{desai2021redcaps,
  title={RedCaps: Web-curated image-text data created by the people, for the people},
  author={Desai, Karan and Kaul, Gaurav and Aysola, Zubin and Johnson, Justin},
  journal={arXiv preprint arXiv:2111.11431},
  year={2021}
}

@article{luo2022understanding,
  title={Understanding diffusion models: A unified perspective},
  author={Luo, Calvin},
  journal={arXiv preprint arXiv:2208.11970},
  year={2022}
}

@inproceedings{srinivasan2021wit,
  title={Wit: Wikipedia-based image text dataset for multimodal multilingual machine learning},
  author={Srinivasan, Krishna and Raman, Karthik and Chen, Jiecao and Bendersky, Michael and Najork, Marc},
  booktitle={Proceedings of the 44th International ACM SIGIR Conference on Research and Development in Information Retrieval},
  pages={2443--2449},
  year={2021}
}

@article{podell2023sdxl,
  title={Sdxl: Improving latent diffusion models for high-resolution image synthesis},
  author={Podell, Dustin and English, Zion and Lacey, Kyle and Blattmann, Andreas and Dockhorn, Tim and M{\"u}ller, Jonas and Penna, Joe and Rombach, Robin},
  journal={arXiv preprint arXiv:2307.01952},
  year={2023}
}

@article{nichol2021glide,
  title={Glide: Towards photorealistic image generation and editing with text-guided diffusion models},
  author={Nichol, Alex and Dhariwal, Prafulla and Ramesh, Aditya and Shyam, Pranav and Mishkin, Pamela and McGrew, Bob and Sutskever, Ilya and Chen, Mark},
  journal={arXiv preprint arXiv:2112.10741},
  year={2021}
}


@article{vaswani2017attention,
  title={Attention is all you need},
  author={Vaswani, Ashish and Shazeer, Noam and Parmar, Niki and Uszkoreit, Jakob and Jones, Llion and Gomez, Aidan N and Kaiser, {\L}ukasz and Polosukhin, Illia},
  journal={Advances in neural information processing systems},
  volume={30},
  year={2017}
}

@inproceedings{ramesh2021zero,
  title={Zero-shot text-to-image generation},
  author={Ramesh, Aditya and Pavlov, Mikhail and Goh, Gabriel and Gray, Scott and Voss, Chelsea and Radford, Alec and Chen, Mark and Sutskever, Ilya},
  booktitle={International Conference on Machine Learning},
  pages={8821--8831},
  year={2021},
  organization={PMLR}
}

@article{schuhmann2021laion,
  title={Laion-400m: Open dataset of clip-filtered 400 million image-text pairs},
  author={Schuhmann, Christoph and Vencu, Richard and Beaumont, Romain and Kaczmarczyk, Robert and Mullis, Clayton and Katta, Aarush and Coombes, Theo and Jitsev, Jenia and Komatsuzaki, Aran},
  journal={arXiv preprint arXiv:2111.02114},
  year={2021}
}

@article{schuhmann2022laion,
  title={Laion-5b: An open large-scale dataset for training next generation image-text models},
  author={Schuhmann, Christoph and Beaumont, Romain and Vencu, Richard and Gordon, Cade and Wightman, Ross and Cherti, Mehdi and Coombes, Theo and Katta, Aarush and Mullis, Clayton and Wortsman, Mitchell and others},
  journal={Advances in Neural Information Processing Systems},
  volume={35},
  pages={25278--25294},
  year={2022}
}

@article{salimans2022progressive,
  title={Progressive distillation for fast sampling of diffusion models},
  author={Salimans, Tim and Ho, Jonathan},
  journal={arXiv preprint arXiv:2202.00512},
  year={2022}
}


@article{ho2020denoising,
  title={Denoising diffusion probabilistic models},
  author={Ho, Jonathan and Jain, Ajay and Abbeel, Pieter},
  journal={Advances in neural information processing systems},
  volume={33},
  pages={6840--6851},
  year={2020}
}

@inproceedings{
  song2021scorebased,
  title={Score-Based Generative Modeling through Stochastic Differential Equations},
  author={Yang Song and Jascha Sohl-Dickstein and Diederik P Kingma and Abhishek Kumar and Stefano Ermon and Ben Poole},
  booktitle={International Conference on Learning Representations},
  year={2021},
  url={https://openreview.net/forum?id=PxTIG12RRHS}
}

@article{dhariwal2021diffusion,
  title={Diffusion models beat gans on image synthesis},
  author={Dhariwal, Prafulla and Nichol, Alexander},
  journal={Advances in neural information processing systems},
  volume={34},
  pages={8780--8794},
  year={2021}
}

@article{zhang2023complete,
  title={A complete survey on generative ai (aigc): Is chatgpt from gpt-4 to gpt-5 all you need?},
  author={Zhang, Chaoning and Zhang, Chenshuang and Zheng, Sheng and Qiao, Yu and Li, Chenghao and Zhang, Mengchun and Dam, Sumit Kumar and Thwal, Chu Myaet and Tun, Ye Lin and Huy, Le Luang and others},
  journal={arXiv preprint arXiv:2303.11717},
  year={2023}
}

@article{wu2023ai,
  title={Ai-generated content (aigc): A survey},
  author={Wu, Jiayang and Gan, Wensheng and Chen, Zefeng and Wan, Shicheng and Lin, Hong},
  journal={arXiv preprint arXiv:2304.06632},
  year={2023}
}

@article{yang2023diffusion,
  title={Diffusion models: A comprehensive survey of methods and applications},
  author={Yang, Ling and Zhang, Zhilong and Song, Yang and Hong, Shenda and Xu, Runsheng and Zhao, Yue and Zhang, Wentao and Cui, Bin and Yang, Ming-Hsuan},
  journal={ACM Computing Surveys},
  volume={56},
  number={4},
  pages={1--39},
  year={2023},
  publisher={ACM New York, NY, USA}
}

@article{ulhaq2022efficient,
  title={Efficient diffusion models for vision: A survey},
  author={Ulhaq, Anwaar and Akhtar, Naveed and Pogrebna, Ganna},
  journal={arXiv preprint arXiv:2210.09292},
  year={2022}
}


@article{raffel2020exploring,
  title={Exploring the limits of transfer learning with a unified text-to-text transformer},
  author={Raffel, Colin and Shazeer, Noam and Roberts, Adam and Lee, Katherine and Narang, Sharan and Matena, Michael and Zhou, Yanqi and Li, Wei and Liu, Peter J},
  journal={The Journal of Machine Learning Research},
  volume={21},
  number={1},
  pages={5485--5551},
  year={2020},
  publisher={JMLRORG}
}

@article{zhan2023multimodal,
  title={Multimodal image synthesis and editing: A survey and taxonomy},
  author={Zhan, Fangneng and Yu, Yingchen and Wu, Rongliang and Zhang, Jiahui and Lu, Shijian and Liu, Lingjie and Kortylewski, Adam and Theobalt, Christian and Xing, Eric},
  journal={IEEE Transactions on Pattern Analysis and Machine Intelligence},
  year={2023},
  publisher={IEEE}
}

@article{zhang2023text,
  title={Text-to-image diffusion model in generative ai: A survey},
  author={Zhang, Chenshuang and Zhang, Chaoning and Zhang, Mengchun and Kweon, In So},
  journal={arXiv preprint arXiv:2303.07909},
  year={2023}
}

@article{li2023generative,
  title={Generative AI meets 3D: A Survey on Text-to-3D in AIGC Era},
  author={Li, Chenghao and Zhang, Chaoning and Waghwase, Atish and Lee, Lik-Hang and Rameau, Francois and Yang, Yang and Bae, Sung-Ho and Hong, Choong Seon},
  journal={arXiv preprint arXiv:2305.06131},
  year={2023}
}

@article{xing2023survey,
  title={A survey on video diffusion models},
  author={Xing, Zhen and Feng, Qijun and Chen, Haoran and Dai, Qi and Hu, Han and Xu, Hang and Wu, Zuxuan and Jiang, Yu-Gang},
  journal={arXiv preprint arXiv:2310.10647},
  year={2023}
}

@article{
anonymous2023video,
title={Video Diffusion Models - A Survey},
author={Anonymous},
journal={Submitted to Transactions on Machine Learning Research},
year={2023},
url={https://openreview.net/forum?id=sgDFqNTdaN},
note={Under review}
}

@article{croitoru2023diffusion,
  title={Diffusion models in vision: A survey},
  author={Croitoru, Florinel-Alin and Hondru, Vlad and Ionescu, Radu Tudor and Shah, Mubarak},
  journal={IEEE Transactions on Pattern Analysis and Machine Intelligence},
  year={2023},
  publisher={IEEE}
}

@inproceedings{he2016deep,
  title={Deep residual learning for image recognition},
  author={He, Kaiming and Zhang, Xiangyu and Ren, Shaoqing and Sun, Jian},
  booktitle={Proceedings of the IEEE conference on computer vision and pattern recognition},
  pages={770--778},
  year={2016}
}


@article{sun2023generative1,
  title={Generative Multimodal Models are In-Context Learners},
  author={Sun, Quan and Cui, Yufeng and Zhang, Xiaosong and Zhang, Fan and Yu, Qiying and Luo, Zhengxiong and Wang, Yueze and Rao, Yongming and Liu, Jingjing and Huang, Tiejun and others},
  journal={arXiv preprint arXiv:2312.13286},
  year={2023}
}

@article{peng2023kosmos,
  title={Kosmos-2: Grounding Multimodal Large Language Models to the World},
  author={Peng, Zhiliang and Wang, Wenhui and Dong, Li and Hao, Yaru and Huang, Shaohan and Ma, Shuming and Wei, Furu},
  journal={arXiv preprint arXiv:2306.14824},
  year={2023}
}

@inproceedings{brooks2023instructpix2pix,
  title={Instructpix2pix: Learning to follow image editing instructions},
  author={Brooks, Tim and Holynski, Aleksander and Efros, Alexei A},
  booktitle={Proceedings of the IEEE/CVF Conference on Computer Vision and Pattern Recognition},
  pages={18392--18402},
  year={2023}
}

@article{yu2023capsfusion,
  title={CapsFusion: Rethinking Image-Text Data at Scale},
  author={Yu, Qiying and Sun, Quan and Zhang, Xiaosong and Cui, Yufeng and Zhang, Fan and Wang, Xinlong and Liu, Jingjing},
  journal={arXiv preprint arXiv:2310.20550},
  year={2023}
}

@electronic{Laion-aesthetics,
  title={Laion-aesthetics},
  url={https://laion.ai/blog/laion-aesthetics/}
}

@electronic{Laion-high-resolution,
  title={Laion-high-resolution},
  url={https://huggingface.co/datasets/laion/laion-high-resolution/}
}

@article{kirillov2023segment,
  title={Segment anything},
  author={Kirillov, Alexander and Mintun, Eric and Ravi, Nikhila and Mao, Hanzi and Rolland, Chloe and Gustafson, Laura and Xiao, Tete and Whitehead, Spencer and Berg, Alexander C and Lo, Wan-Yen and others},
  journal={arXiv preprint arXiv:2304.02643},
  year={2023}
}

@electronic{unsplash,
  title={Unsplash},
  author={Luke Chesser and Timothy Carbone},
  url={https://github.com/unsplash/datasets}
}

@electronic{Midjourney,
  title={Midjourney},
  author={Midjourney},
  url={https://www.midjourney.com}
}

@article{betker2023improving,
  title={Improving image generation with better captions},
  author={Betker, James and Goh, Gabriel and Jing, Li and Brooks, Tim and Wang, Jianfeng and Li, Linjie and Ouyang, Long and Zhuang, Juntang and Lee, Joyce and Guo, Yufei and others},
  journal={Computer Science. https://cdn. openai. com/papers/dall-e-3. pdf},
  year={2023}
}

@inproceedings{song2020denoising,
  title={Denoising Diffusion Implicit Models},
  author={Song, Jiaming and Meng, Chenlin and Ermon, Stefano},
  booktitle={International Conference on Learning Representations},
  year={2020}
}

@inproceedings{howard2019searching,
  title={Searching for mobilenetv3},
  author={Howard, Andrew and Sandler, Mark and Chu, Grace and Chen, Liang-Chieh and Chen, Bo and Tan, Mingxing and Wang, Weijun and Zhu, Yukun and Pang, Ruoming and Vasudevan, Vijay and others},
  booktitle={Proceedings of the IEEE/CVF international conference on computer vision},
  pages={1314--1324},
  year={2019}
}

@article{zhang2016joint,
  title={Joint face detection and alignment using multitask cascaded convolutional networks},
  author={Zhang, Kaipeng and Zhang, Zhanpeng and Li, Zhifeng and Qiao, Yu},
  journal={IEEE signal processing letters},
  volume={23},
  number={10},
  pages={1499--1503},
  year={2016},
  publisher={IEEE}
}

@inproceedings{schroff2015facenet,
  title={Facenet: A unified embedding for face recognition and clustering},
  author={Schroff, Florian and Kalenichenko, Dmitry and Philbin, James},
  booktitle={Proceedings of the IEEE conference on computer vision and pattern recognition},
  pages={815--823},
  year={2015}
}

@article{ren2015faster,
  title={Faster r-cnn: Towards real-time object detection with region proposal networks},
  author={Ren, Shaoqing and He, Kaiming and Girshick, Ross and Sun, Jian},
  journal={Advances in neural information processing systems},
  volume={28},
  year={2015}
}

@inproceedings{deng2009imagenet,
  title={Imagenet: A large-scale hierarchical image database},
  author={Deng, Jia and Dong, Wei and Socher, Richard and Li, Li-Jia and Li, Kai and Fei-Fei, Li},
  booktitle={2009 IEEE conference on computer vision and pattern recognition},
  pages={248--255},
  year={2009},
  organization={Ieee}
}

@article{hu2021lora,
  title={Lora: Low-rank adaptation of large language models},
  author={Hu, Edward J and Shen, Yelong and Wallis, Phillip and Allen-Zhu, Zeyuan and Li, Yuanzhi and Wang, Shean and Wang, Lu and Chen, Weizhu},
  journal={arXiv preprint arXiv:2106.09685},
  year={2021}
}

@inproceedings{huang2017arbitrary,
  title={Arbitrary style transfer in real-time with adaptive instance normalization},
  author={Huang, Xun and Belongie, Serge},
  booktitle={Proceedings of the IEEE international conference on computer vision},
  pages={1501--1510},
  year={2017}
}

@article{valipour2022dylora,
  title={Dylora: Parameter efficient tuning of pre-trained models using dynamic search-free low-rank adaptation},
  author={Valipour, Mojtaba and Rezagholizadeh, Mehdi and Kobyzev, Ivan and Ghodsi, Ali},
  journal={arXiv preprint arXiv:2210.07558},
  year={2022}
}

@article{chavan2023one,
  title={One-for-All: Generalized LoRA for Parameter-Efficient Fine-tuning},
  author={Chavan, Arnav and Liu, Zhuang and Gupta, Deepak and Xing, Eric and Shen, Zhiqiang},
  journal={arXiv preprint arXiv:2306.07967},
  year={2023}
}

@inproceedings{houlsby2019parameter,
  title={Parameter-efficient transfer learning for NLP},
  author={Houlsby, Neil and Giurgiu, Andrei and Jastrzebski, Stanislaw and Morrone, Bruna and De Laroussilhe, Quentin and Gesmundo, Andrea and Attariyan, Mona and Gelly, Sylvain},
  booktitle={International Conference on Machine Learning},
  pages={2790--2799},
  year={2019},
  organization={PMLR}
}

@inproceedings{sohn2023visual,
  title={Visual prompt tuning for generative transfer learning},
  author={Sohn, Kihyuk and Chang, Huiwen and Lezama, Jos{\'e} and Polania, Luisa and Zhang, Han and Hao, Yuan and Essa, Irfan and Jiang, Lu},
  booktitle={Proceedings of the IEEE/CVF Conference on Computer Vision and Pattern Recognition},
  pages={19840--19851},
  year={2023}
}

@article{ho2022video,
  title={Video Diffusion Models. arXiv e-prints, page},
  author={Ho, Jonathan and Salimans, Tim and Gritsenko, Alexey and Chan, William and Norouzi, Mohammad and Fleet, David J},
  journal={arXiv preprint arXiv:2204.03458},
  volume={3},
  year={2022}
}

@article{yeh2023navigating,
  title={Navigating Text-To-Image Customization: From LyCORIS Fine-Tuning to Model Evaluation},
  author={Yeh, Shin-Ying and Hsieh, Yu-Guan and Gao, Zhidong and Yang, Bernard BW and Oh, Giyeong and Gong, Yanmin},
  journal={arXiv preprint arXiv:2309.14859},
  year={2023}
}

@inproceedings{abbeel2004apprenticeship,
  title={Apprenticeship learning via inverse reinforcement learning},
  author={Abbeel, Pieter and Ng, Andrew Y},
  booktitle={Proceedings of the twenty-first international conference on Machine learning},
  pages={1},
  year={2004}
}

@inproceedings{radford2021learning,
  title={Learning transferable visual models from natural language supervision},
  author={Radford, Alec and Kim, Jong Wook and Hallacy, Chris and Ramesh, Aditya and Goh, Gabriel and Agarwal, Sandhini and Sastry, Girish and Askell, Amanda and Mishkin, Pamela and Clark, Jack and others},
  booktitle={International conference on machine learning},
  pages={8748--8763},
  year={2021},
  organization={PMLR}
}

@inproceedings{Li2023BLIP2BL,
  title={BLIP-2: Bootstrapping Language-Image Pre-training with Frozen Image Encoders and Large Language Models},
  author={Junnan Li and Dongxu Li and Silvio Savarese and Steven C. H. Hoi},
  booktitle={International Conference on Machine Learning},
  year={2023},
  url={https://api.semanticscholar.org/CorpusID:256390509}
}

@inproceedings{dosovitskiy2020image,
  title={An Image is Worth 16x16 Words: Transformers for Image Recognition at Scale},
  author={Dosovitskiy, Alexey and Beyer, Lucas and Kolesnikov, Alexander and Weissenborn, Dirk and Zhai, Xiaohua and Unterthiner, Thomas and Dehghani, Mostafa and Minderer, Matthias and Heigold, Georg and Gelly, Sylvain and others},
  booktitle={International Conference on Learning Representations},
  year={2020}
}

@article{chang2023muse,
  title={Muse: Text-to-image generation via masked generative transformers},
  author={Chang, Huiwen and Zhang, Han and Barber, Jarred and Maschinot, AJ and Lezama, Jose and Jiang, Lu and Yang, Ming-Hsuan and Murphy, Kevin and Freeman, William T and Rubinstein, Michael and others},
  journal={arXiv preprint arXiv:2301.00704},
  year={2023}
}
@inproceedings{cao2018vggface2,
  title={Vggface2: A dataset for recognising faces across pose and age},
  author={Cao, Qiong and Shen, Li and Xie, Weidi and Parkhi, Omkar M and Zisserman, Andrew},
  booktitle={2018 13th IEEE international conference on automatic face \& gesture recognition (FG 2018)},
  pages={67--74},
  year={2018},
  organization={IEEE}
}

@inproceedings{szegedy2017inception,
  title={Inception-v4, inception-resnet and the impact of residual connections on learning},
  author={Szegedy, Christian and Ioffe, Sergey and Vanhoucke, Vincent and Alemi, Alexander},
  booktitle={Proceedings of the AAAI conference on artificial intelligence},
  volume={31},
  number={1},
  year={2017}
}

@article{kingma2013auto,
  title={Auto-encoding variational bayes},
  author={Kingma, Diederik P and Welling, Max},
  journal={arXiv preprint arXiv:1312.6114},
  year={2013}
}


@article{wang2023hifi,
  title={HiFi Tuner: High-Fidelity Subject-Driven Fine-Tuning for Diffusion Models},
  author={Wang, Zhonghao and Wei, Wei and Zhao, Yang and Xiao, Zhisheng and Hasegawa-Johnson, Mark and Shi, Humphrey and Hou, Tingbo},
  journal={arXiv preprint arXiv:2312.00079},
  year={2023}
}

@article{avrahami2023break,
  title={Break-A-Scene: Extracting Multiple Concepts from a Single Image},
  author={Avrahami, Omri and Aberman, Kfir and Fried, Ohad and Cohen-Or, Daniel and Lischinski, Dani},
  journal={arXiv preprint arXiv:2305.16311},
  year={2023}
}

@article{wang2023context,
  title={In-context learning unlocked for diffusion models},
  author={Wang, Zhendong and Jiang, Yifan and Lu, Yadong and Shen, Yelong and He, Pengcheng and Chen, Weizhu and Wang, Zhangyang and Zhou, Mingyuan},
  journal={arXiv preprint arXiv:2305.01115},
  year={2023}
}

@article{wang2023high,
  title={High-fidelity Person-centric Subject-to-Image Synthesis},
  author={Wang, Yibin and Zhang, Weizhong and Zheng, Jianwei and Jin, Cheng},
  journal={arXiv preprint arXiv:2311.10329},
  year={2023}
}

@inproceedings{ruiz2023dreambooth,
  title={Dreambooth: Fine tuning text-to-image diffusion models for subject-driven generation},
  author={Ruiz, Nataniel and Li, Yuanzhen and Jampani, Varun and Pritch, Yael and Rubinstein, Michael and Aberman, Kfir},
  booktitle={Proceedings of the IEEE/CVF Conference on Computer Vision and Pattern Recognition},
  pages={22500--22510},
  year={2023}
}

@article{chen2022re,
  title={Re-imagen: Retrieval-augmented text-to-image generator},
  author={Chen, Wenhu and Hu, Hexiang and Saharia, Chitwan and Cohen, William W},
  journal={arXiv preprint arXiv:2209.14491},
  year={2022}
}

@article{ma2023pea,
  title={PEA-Diffusion: Parameter-Efficient Adapter with Knowledge Distillation in non-English Text-to-Image Generation},
  author={Ma, Jian and Chen, Chen and Xie, Qingsong and Lu, Haonan},
  journal={arXiv preprint arXiv:2311.17086},
  year={2023}
}

@article{wu2023lamp,
  title={Lamp: Learn a motion pattern for few-shot-based video generation},
  author={Wu, Ruiqi and Chen, Liangyu and Yang, Tong and Guo, Chunle and Li, Chongyi and Zhang, Xiangyu},
  journal={arXiv preprint arXiv:2310.10769},
  year={2023}
}

@article{voynov2023anylens,
  title={AnyLens: A Generative Diffusion Model with Any Rendering Lens},
  author={Voynov, Andrey and Hertz, Amir and Arar, Moab and Fruchter, Shlomi and Cohen-Or, Daniel},
  journal={arXiv preprint arXiv:2311.17609},
  year={2023}
}

@article{ju2023humansd,
  title={HumanSD: A Native Skeleton-Guided Diffusion Model for Human Image Generation},
  author={Ju, Xuan and Zeng, Ailing and Zhao, Chenchen and Wang, Jianan and Zhang, Lei and Xu, Qiang},
  journal={arXiv preprint arXiv:2304.04269},
  year={2023}
}

@article{shi2023bivdiff,
  title={BIVDiff: A Training-Free Framework for General-Purpose Video Synthesis via Bridging Image and Video Diffusion Models},
  author={Shi, Fengyuan and Gu, Jiaxi and Xu, Hang and Xu, Songcen and Zhang, Wei and Wang, Limin},
  journal={arXiv preprint arXiv:2312.02813},
  year={2023}
}

@article{ran2023x,
  title={X-Adapter: Adding Universal Compatibility of Plugins for Upgraded Diffusion Model},
  author={Ran, Lingmin and Cun, Xiaodong and Liu, Jia-Wei and Zhao, Rui and Zijie, Song and Wang, Xintao and Keppo, Jussi and Shou, Mike Zheng},
  journal={arXiv preprint arXiv:2312.02238},
  year={2023}
}

@inproceedings{rombach2022high,
  title={High-resolution image synthesis with latent diffusion models},
  author={Rombach, Robin and Blattmann, Andreas and Lorenz, Dominik and Esser, Patrick and Ommer, Bj{\"o}rn},
  booktitle={Proceedings of the IEEE/CVF conference on computer vision and pattern recognition},
  pages={10684--10695},
  year={2022}
}

@incollection{fellner1996extensible,
  title={Extensible image synthesis},
  author={Fellner, Dieter W},
  booktitle={Object-Oriented and Mixed Programming Paradigms: New Directions in Computer Graphics},
  pages={7--21},
  year={1996},
  publisher={Springer}
}

@inproceedings{voynov2023sketch,
  title={Sketch-guided text-to-image diffusion models},
  author={Voynov, Andrey and Aberman, Kfir and Cohen-Or, Daniel},
  booktitle={ACM SIGGRAPH 2023 Conference Proceedings},
  pages={1--11},
  year={2023}
}

@article{zhang2023motioncrafter,
  title={MotionCrafter: One-Shot Motion Customization of Diffusion Models},
  author={Zhang, Yuxin and Tang, Fan and Huang, Nisha and Huang, Haibin and Ma, Chongyang and Dong, Weiming and Xu, Changsheng},
  journal={arXiv preprint arXiv:2312.05288},
  year={2023}
}


@article{xiao2023comcat,
  title={COMCAT: Towards Efficient Compression and Customization of Attention-Based Vision Models},
  author={Xiao, Jinqi and Yin, Miao and Gong, Yu and Zang, Xiao and Ren, Jian and Yuan, Bo},
  journal={arXiv preprint arXiv:2305.17235},
  year={2023}
}

@article{xiang2023closer,
  title={A closer look at parameter-efficient tuning in diffusion models},
  author={Xiang, Chendong and Bao, Fan and Li, Chongxuan and Su, Hang and Zhu, Jun},
  journal={arXiv preprint arXiv:2303.18181},
  year={2023}
}

@article{chen2023subject,
  title={Subject-driven text-to-image generation via apprenticeship learning},
  author={Chen, Wenhu and Hu, Hexiang and Li, Yandong and Rui, Nataniel and Jia, Xuhui and Chang, Ming-Wei and Cohen, William W},
  journal={arXiv preprint arXiv:2304.00186},
  year={2023}
}

@article{kim2023diffblender,
  title={DiffBlender: Scalable and Composable Multimodal Text-to-Image Diffusion Models},
  author={Kim, Sungnyun and Lee, Junsoo and Hong, Kibeom and Kim, Daesik and Ahn, Namhyuk},
  journal={arXiv preprint arXiv:2305.15194},
  year={2023}
}

@inproceedings{avrahami2023spatext,
  title={Spatext: Spatio-textual representation for controllable image generation},
  author={Avrahami, Omri and Hayes, Thomas and Gafni, Oran and Gupta, Sonal and Taigman, Yaniv and Parikh, Devi and Lischinski, Dani and Fried, Ohad and Yin, Xi},
  booktitle={Proceedings of the IEEE/CVF Conference on Computer Vision and Pattern Recognition},
  pages={18370--18380},
  year={2023}
}

@article{jia2023taming,
  title={Taming encoder for zero fine-tuning image customization with text-to-image diffusion models},
  author={Jia, Xuhui and Zhao, Yang and Chan, Kelvin CK and Li, Yandong and Zhang, Han and Gong, Boqing and Hou, Tingbo and Wang, Huisheng and Su, Yu-Chuan},
  journal={arXiv preprint arXiv:2304.02642},
  year={2023}
}

@article{qin2023unicontrol,
  title={UniControl: A Unified Diffusion Model for Controllable Visual Generation In the Wild},
  author={Qin, Can and Zhang, Shu and Yu, Ning and Feng, Yihao and Yang, Xinyi and Zhou, Yingbo and Wang, Huan and Niebles, Juan Carlos and Xiong, Caiming and Savarese, Silvio and others},
  journal={arXiv preprint arXiv:2305.11147},
  year={2023}
}

@article{chen2023photoverse,
  title={Photoverse: Tuning-free image customization with text-to-image diffusion models},
  author={Chen, Li and Zhao, Mengyi and Liu, Yiheng and Ding, Mingxu and Song, Yangyang and Wang, Shizun and Wang, Xu and Yang, Hao and Liu, Jing and Du, Kang and others},
  journal={arXiv preprint arXiv:2309.05793},
  year={2023}
}

@inproceedings{brown2021face,
  title={Face, body, voice: Video person-clustering with multiple modalities},
  author={Brown, Andrew and Kalogeiton, Vicky and Zisserman, Andrew},
  booktitle={Proceedings of the IEEE/CVF International Conference on Computer Vision},
  pages={3184--3194},
  year={2021}
}

@article{ma2023unified,
  title={Unified multi-modal latent diffusion for joint subject and text conditional image generation},
  author={Ma, Yiyang and Yang, Huan and Wang, Wenjing and Fu, Jianlong and Liu, Jiaying},
  journal={arXiv preprint arXiv:2303.09319},
  year={2023}
}

@article{ma2023subject,
  title={Subject-diffusion: Open domain personalized text-to-image generation without test-time fine-tuning},
  author={Ma, Jian and Liang, Junhao and Chen, Chen and Lu, Haonan},
  journal={arXiv preprint arXiv:2307.11410},
  year={2023}
}

@article{hu2023cocktail,
  title={Cocktail: Mixing Multi-Modality Controls for Text-Conditional Image Generation},
  author={Hu, Minghui and Zheng, Jianbin and Liu, Daqing and Zheng, Chuanxia and Wang, Chaoyue and Tao, Dacheng and Cham, Tat-Jen},
  journal={arXiv preprint arXiv:2306.00964},
  year={2023}
}

@article{mou2023t2i,
  title={T2i-adapter: Learning adapters to dig out more controllable ability for text-to-image diffusion models},
  author={Mou, Chong and Wang, Xintao and Xie, Liangbin and Zhang, Jian and Qi, Zhongang and Shan, Ying and Qie, Xiaohu},
  journal={arXiv preprint arXiv:2302.08453},
  year={2023}
}

@article{yang2023meta,
  title={Meta ControlNet: Enhancing Task Adaptation via Meta Learning},
  author={Yang, Junjie and Zhao, Jinze and Wang, Peihao and Wang, Zhangyang and Liang, Yingbin},
  journal={arXiv preprint arXiv:2312.01255},
  year={2023}
}

@article{shi2023instantbooth,
  title={Instantbooth: Personalized text-to-image generation without test-time finetuning},
  author={Shi, Jing and Xiong, Wei and Lin, Zhe and Jung, Hyun Joon},
  journal={arXiv preprint arXiv:2304.03411},
  year={2023}
}

@article{liu2023hyperhuman,
  title={Hyperhuman: Hyper-realistic human generation with latent structural diffusion},
  author={Liu, Xian and Ren, Jian and Siarohin, Aliaksandr and Skorokhodov, Ivan and Li, Yanyu and Lin, Dahua and Liu, Xihui and Liu, Ziwei and Tulyakov, Sergey},
  journal={arXiv preprint arXiv:2310.08579},
  year={2023}
}

@article{yang2023align,
  title={Align, Adapt and Inject: Sound-guided Unified Image Generation},
  author={Yang, Yue and Zhang, Kaipeng and Ge, Yuying and Shao, Wenqi and Xue, Zeyue and Qiao, Yu and Luo, Ping},
  journal={arXiv preprint arXiv:2306.11504},
  year={2023}
}

@article{sohn2023styledrop,
  title={StyleDrop: Text-to-Image Generation in Any Style},
  author={Sohn, Kihyuk and Ruiz, Nataniel and Lee, Kimin and Chin, Daniel Castro and Blok, Irina and Chang, Huiwen and Barber, Jarred and Jiang, Lu and Entis, Glenn and Li, Yuanzhen and others},
  journal={arXiv preprint arXiv:2306.00983},
  year={2023}
}

@article{wei2023dreamvideo,
  title={DreamVideo: Composing Your Dream Videos with Customized Subject and Motion},
  author={Wei, Yujie and Zhang, Shiwei and Qing, Zhiwu and Yuan, Hangjie and Liu, Zhiheng and Liu, Yu and Zhang, Yingya and Zhou, Jingren and Shan, Hongming},
  journal={arXiv preprint arXiv:2312.04433},
  year={2023}
}

@article{smith2023continual,
  title={Continual diffusion: Continual customization of text-to-image diffusion with c-lora},
  author={Smith, James Seale and Hsu, Yen-Chang and Zhang, Lingyu and Hua, Ting and Kira, Zsolt and Shen, Yilin and Jin, Hongxia},
  journal={arXiv preprint arXiv:2304.06027},
  year={2023}
}

@article{chen2023videodreamer,
  title={Videodreamer: Customized multi-subject text-to-video generation with disen-mix finetuning},
  author={Chen, Hong and Wang, Xin and Zeng, Guanning and Zhang, Yipeng and Zhou, Yuwei and Han, Feilin and Zhu, Wenwu},
  journal={arXiv preprint arXiv:2311.00990},
  year={2023}
}

@article{tian2023interactdiffusion,
  title={InteractDiffusion: Interaction Control in Text-to-Image Diffusion Models},
  author={Tian Hoe, Jiun and Jiang, Xudong and Chan, Chee Seng and Tan, Yap-Peng and Hu, Weipeng},
  journal={arXiv e-prints},
  pages={arXiv--2312},
  year={2023}
}

@inproceedings{zheng2023layoutdiffusion,
  title={LayoutDiffusion: Controllable Diffusion Model for Layout-to-image Generation},
  author={Zheng, Guangcong and Zhou, Xianpan and Li, Xuewei and Qi, Zhongang and Shan, Ying and Li, Xi},
  booktitle={Proceedings of the IEEE/CVF Conference on Computer Vision and Pattern Recognition},
  pages={22490--22499},
  year={2023}
}

@article{xiao2023ccm,
  title={CCM: Adding Conditional Controls to Text-to-Image Consistency Models},
  author={Xiao, Jie and Zhu, Kai and Zhang, Han and Liu, Zhiheng and Shen, Yujun and Liu, Yu and Fu, Xueyang and Zha, Zheng-Jun},
  journal={arXiv preprint arXiv:2312.06971},
  year={2023}
}

@article{bhat2023loosecontrol,
  title={LooseControl: Lifting ControlNet for Generalized Depth Conditioning},
  author={Bhat, Shariq Farooq and Mitra, Niloy J and Wonka, Peter},
  journal={arXiv preprint arXiv:2312.03079},
  year={2023}
}

@article{chen2023artadapter,
  title={ArtAdapter: Text-to-Image Style Transfer using Multi-Level Style Encoder and Explicit Adaptation},
  author={Chen, Dar-Yen and Tennent, Hamish and Hsu, Ching-Wen},
  journal={arXiv preprint arXiv:2312.02109},
  year={2023}
}

@inproceedings{valevski2023face0,
  title={Face0: Instantaneously conditioning a text-to-image model on a face},
  author={Valevski, Dani and Lumen, Danny and Matias, Yossi and Leviathan, Yaniv},
  booktitle={SIGGRAPH Asia 2023 Conference Papers},
  pages={1--10},
  year={2023}
}

@inproceedings{kumari2023multi,
  title={Multi-concept customization of text-to-image diffusion},
  author={Kumari, Nupur and Zhang, Bingliang and Zhang, Richard and Shechtman, Eli and Zhu, Jun-Yan},
  booktitle={Proceedings of the IEEE/CVF Conference on Computer Vision and Pattern Recognition},
  pages={1931--1941},
  year={2023}
}

@article{Feng2022TrainingFreeSD,
title={Training-Free Structured Diffusion Guidance for Compositional Text-to-Image Synthesis},
author={Weixi Feng and Xuehai He and Tsu-Jui Fu and Varun Jampani and Arjun Reddy Akula and P. Narayana and Sugato Basu and Xin Eric Wang and William Yang Wang},
journal={ArXiv},
year={2022}
}

@inproceedings{li2023gligen,
  title={Gligen: Open-set grounded text-to-image generation},
  author={Li, Yuheng and Liu, Haotian and Wu, Qingyang and Mu, Fangzhou and Yang, Jianwei and Gao, Jianfeng and Li, Chunyuan and Lee, Yong Jae},
  booktitle={Proceedings of the IEEE/CVF Conference on Computer Vision and Pattern Recognition},
  pages={22511--22521},
  year={2023}
}


@article{zhao2023catversion,
  title={CatVersion: Concatenating Embeddings for Diffusion-Based Text-to-Image Personalization},
  author={Zhao, Ruoyu and Zhu, Mingrui and Dong, Shiyin and Wang, Nannan and Gao, Xinbo},
  journal={arXiv preprint arXiv:2311.14631},
  year={2023}
}

@article{voynov2023p+,
  title={$ P+ $: Extended Textual Conditioning in Text-to-Image Generation},
  author={Voynov, Andrey and Chu, Qinghao and Cohen-Or, Daniel and Aberman, Kfir},
  journal={arXiv preprint arXiv:2303.09522},
  year={2023}
}

@article{chen2023anydoor,
  title={Anydoor: Zero-shot object-level image customization},
  author={Chen, Xi and Huang, Lianghua and Liu, Yu and Shen, Yujun and Zhao, Deli and Zhao, Hengshuang},
  journal={arXiv preprint arXiv:2307.09481},
  year={2023}
}

@article{wei2023elite,
  title={Elite: Encoding visual concepts into textual embeddings for customized text-to-image generation},
  author={Wei, Yuxiang and Zhang, Yabo and Ji, Zhilong and Bai, Jinfeng and Zhang, Lei and Zuo, Wangmeng},
  journal={arXiv preprint arXiv:2302.13848},
  year={2023}
}

@article{sun2023create,
  title={Create your world: Lifelong text-to-image diffusion},
  author={Sun, Gan and Liang, Wenqi and Dong, Jiahua and Li, Jun and Ding, Zhengming and Cong, Yang},
  journal={arXiv preprint arXiv:2309.04430},
  year={2023}
}

@article{li2023blip,
  title={Blip-diffusion: Pre-trained subject representation for controllable text-to-image generation and editing},
  author={Li, Dongxu and Li, Junnan and Hoi, Steven CH},
  journal={arXiv preprint arXiv:2305.14720},
  year={2023}
}

@article{zhao2023uni,
  title={Uni-ControlNet: All-in-One Control to Text-to-Image Diffusion Models},
  author={Zhao, Shihao and Chen, Dongdong and Chen, Yen-Chun and Bao, Jianmin and Hao, Shaozhe and Yuan, Lu and Wong, Kwan-Yee K},
  journal={arXiv preprint arXiv:2305.16322},
  year={2023}
}

@article{chen2023integrating,
  title={Integrating Geometric Control into Text-to-Image Diffusion Models for High-Quality Detection Data Generation via Text Prompt},
  author={Chen, Kai and Xie, Enze and Chen, Zhe and Hong, Lanqing and Li, Zhenguo and Yeung, Dit-Yan},
  journal={arXiv preprint arXiv:2306.04607},
  year={2023}
}

@article{huang2023reversion,
  title={ReVersion: Diffusion-Based Relation Inversion from Images},
  author={Huang, Ziqi and Wu, Tianxing and Jiang, Yuming and Chan, Kelvin CK and Liu, Ziwei},
  journal={arXiv preprint arXiv:2303.13495},
  year={2023}
}

@article{su2023identity,
  title={Identity Encoder for Personalized Diffusion},
  author={Su, Yu-Chuan and Chan, Kelvin CK and Li, Yandong and Zhao, Yang and Zhang, Han and Gong, Boqing and Wang, Huisheng and Jia, Xuhui},
  journal={arXiv preprint arXiv:2304.07429},
  year={2023}
}

@article{hyung2023magicapture,
  title={Magicapture: High-resolution multi-concept portrait customization},
  author={Hyung, Junha and Shin, Jaeyo and Choo, Jaegul},
  journal={arXiv preprint arXiv:2309.06895},
  year={2023}
}

@article{guo2023animatediff,
  title={Animatediff: Animate your personalized text-to-image diffusion models without specific tuning},
  author={Guo, Yuwei and Yang, Ceyuan and Rao, Anyi and Wang, Yaohui and Qiao, Yu and Lin, Dahua and Dai, Bo},
  journal={arXiv preprint arXiv:2307.04725},
  year={2023}
}

@article{liu2023cones,
  title={Cones: Concept neurons in diffusion models for customized generation},
  author={Liu, Zhiheng and Feng, Ruili and Zhu, Kai and Zhang, Yifei and Zheng, Kecheng and Liu, Yu and Zhao, Deli and Zhou, Jingren and Cao, Yang},
  journal={arXiv preprint arXiv:2303.05125},
  year={2023}
}

@article{shah2023ziplora,
  title={ZipLoRA: Any Subject in Any Style by Effectively Merging LoRAs},
  author={Shah, Viraj and Ruiz, Nataniel and Cole, Forrester and Lu, Erika and Lazebnik, Svetlana and Li, Yuanzhen and Jampani, Varun},
  journal={arXiv preprint arXiv:2311.13600},
  year={2023}
}

@inproceedings{andriluka20142d,
  title={2d human pose estimation: New benchmark and state of the art analysis},
  author={Andriluka, Mykhaylo and Pishchulin, Leonid and Gehler, Peter and Schiele, Bernt},
  booktitle={Proceedings of the IEEE Conference on computer Vision and Pattern Recognition},
  pages={3686--3693},
  year={2014}
}

@article{wang2021deep,
  title={Deep 3D human pose estimation: A review},
  author={Wang, Jinbao and Tan, Shujie and Zhen, Xiantong and Xu, Shuo and Zheng, Feng and He, Zhenyu and Shao, Ling},
  journal={Computer Vision and Image Understanding},
  volume={210},
  pages={103225},
  year={2021},
  publisher={Elsevier}
}

@inproceedings{toshev2014deeppose,
  title={Deeppose: Human pose estimation via deep neural networks},
  author={Toshev, Alexander and Szegedy, Christian},
  booktitle={Proceedings of the IEEE conference on computer vision and pattern recognition},
  pages={1653--1660},
  year={2014}
}

@article{zhou2023lifting,
  title={Lifting by Image--Leveraging Image Cues for Accurate 3D Human Pose Estimation},
  author={Zhou, Feng and Yin, Jianqin and Li, Peiyang},
  journal={arXiv preprint arXiv:2312.15636},
  year={2023}
}

@article{chen2023tailored,
  title={Tailored Visions: Enhancing Text-to-Image Generation with Personalized Prompt Rewriting},
  author={Chen, Zijie and Zhang, Lichao and Weng, Fangsheng and Pan, Lili and Lan, Zhenzhong},
  journal={arXiv preprint arXiv:2310.08129},
  year={2023}
}

@article{ham2023modulating,
  title={Modulating pretrained diffusion models for multimodal image synthesis},
  author={Ham, Cusuh and Hays, James and Lu, Jingwan and Singh, Krishna Kumar and Zhang, Zhifei and Hinz, Tobias},
  journal={arXiv preprint arXiv:2302.12764},
  year={2023}
}

@article{wang2023decompose,
  title={Decompose and Realign: Tackling Condition Misalignment in Text-to-Image Diffusion Models},
  author={Wang, Luozhou and Shen, Guibao and Li, Yijun and Chen, Ying-cong},
  journal={arXiv preprint arXiv:2306.14408},
  year={2023}
}

@article{zhao2023motiondirector,
  title={MotionDirector: Motion Customization of Text-to-Video Diffusion Models},
  author={Zhao, Rui and Gu, Yuchao and Wu, Jay Zhangjie and Zhang, David Junhao and Liu, Jiawei and Wu, Weijia and Keppo, Jussi and Shou, Mike Zheng},
  journal={arXiv preprint arXiv:2310.08465},
  year={2023}
}

@inproceedings{zhou2017scene,
  title={Scene parsing through ade20k dataset},
  author={Zhou, Bolei and Zhao, Hang and Puig, Xavier and Fidler, Sanja and Barriuso, Adela and Torralba, Antonio},
  booktitle={Proceedings of the IEEE conference on computer vision and pattern recognition},
  pages={633--641},
  year={2017}
}


@article{yuan2023customnet,
  title={CustomNet: Zero-shot Object Customization with Variable-Viewpoints in Text-to-Image Diffusion Models},
  author={Yuan, Ziyang and Cao, Mingdeng and Wang, Xintao and Qi, Zhongang and Yuan, Chun and Shan, Ying},
  journal={arXiv preprint arXiv:2310.19784},
  year={2023}
}

@article{xu2023personalized,
  title={Personalized Face Inpainting with Diffusion Models by Parallel Visual Attention},
  author={Xu, Jianjin and Motamed, Saman and Vaddamanu, Praneetha and Wu, Chen Henry and Haene, Christian and Bazin, Jean-Charles and de la Torre, Fernando},
  journal={arXiv preprint arXiv:2312.03556},
  year={2023}
}

@article{ma2023adding,
  title={Adding 3D Geometry Control to Diffusion Models},
  author={Ma, Wufei and Liu, Qihao and Wang, Jiahao and Wang, Angtian and Liu, Yaoyao and Kortylewski, Adam and Yuille, Alan},
  journal={arXiv preprint arXiv:2306.08103},
  year={2023}
}

@article{ye2023ip,
  title={Ip-adapter: Text compatible image prompt adapter for text-to-image diffusion models},
  author={Ye, Hu and Zhang, Jun and Liu, Sibo and Han, Xiao and Yang, Wei},
  journal={arXiv preprint arXiv:2308.06721},
  year={2023}
}

@article{giambi2023conditioning,
  title={Conditioning Diffusion Models via Attributes and Semantic Masks for Face Generation},
  author={Giambi, Nico and Lisanti, Giuseppe},
  journal={arXiv preprint arXiv:2306.00914},
  year={2023}
}

@article{goodfellow2014generative,
  title={Generative adversarial nets},
  author={Goodfellow, Ian and Pouget-Abadie, Jean and Mirza, Mehdi and Xu, Bing and Warde-Farley, David and Ozair, Sherjil and Courville, Aaron and Bengio, Yoshua},
  journal={Advances in neural information processing systems},
  volume={27},
  year={2014}
}

@inproceedings{arjovsky2017wasserstein,
  title={Wasserstein generative adversarial networks},
  author={Arjovsky, Martin and Chintala, Soumith and Bottou, L{\'e}on},
  booktitle={International conference on machine learning},
  pages={214--223},
  year={2017},
  organization={PMLR}
}

@article{karras2017progressive,
  title={Progressive growing of gans for improved quality, stability, and variation},
  author={Karras, Tero and Aila, Timo and Laine, Samuli and Lehtinen, Jaakko},
  journal={arXiv preprint arXiv:1710.10196},
  year={2017}
}

@inproceedings{karras2019style,
  title={A style-based generator architecture for generative adversarial networks},
  author={Karras, Tero and Laine, Samuli and Aila, Timo},
  booktitle={Proceedings of the IEEE/CVF conference on computer vision and pattern recognition},
  pages={4401--4410},
  year={2019}
}

@inproceedings{karras2020analyzing,
  title={Analyzing and improving the image quality of stylegan},
  author={Karras, Tero and Laine, Samuli and Aittala, Miika and Hellsten, Janne and Lehtinen, Jaakko and Aila, Timo},
  booktitle={Proceedings of the IEEE/CVF conference on computer vision and pattern recognition},
  pages={8110--8119},
  year={2020}
}

@article{karras2021alias,
  title={Alias-free generative adversarial networks},
  author={Karras, Tero and Aittala, Miika and Laine, Samuli and H{\"a}rk{\"o}nen, Erik and Hellsten, Janne and Lehtinen, Jaakko and Aila, Timo},
  journal={Advances in Neural Information Processing Systems},
  volume={34},
  pages={852--863},
  year={2021}
}

@article{heusel2017gans,
  title={Gans trained by a two time-scale update rule converge to a local nash equilibrium},
  author={Heusel, Martin and Ramsauer, Hubert and Unterthiner, Thomas and Nessler, Bernhard and Hochreiter, Sepp},
  journal={Advances in neural information processing systems},
  volume={30},
  year={2017}
}

@article{salimans2016improved,
  title={Improved techniques for training gans},
  author={Salimans, Tim and Goodfellow, Ian and Zaremba, Wojciech and Cheung, Vicki and Radford, Alec and Chen, Xi},
  journal={Advances in neural information processing systems},
  volume={29},
  year={2016}
}

@inproceedings{szegedy2016rethinking,
  title={Rethinking the inception architecture for computer vision},
  author={Szegedy, Christian and Vanhoucke, Vincent and Ioffe, Sergey and Shlens, Jon and Wojna, Zbigniew},
  booktitle={Proceedings of the IEEE conference on computer vision and pattern recognition},
  pages={2818--2826},
  year={2016}
}

@article{fei2023gradient,
  title={Gradient-Free Textual Inversion},
  author={Fei, Zhengcong and Fan, Mingyuan and Huang, Junshi},
  journal={arXiv preprint arXiv:2304.05818},
  year={2023}
}

@inproceedings{huang2023collaborative,
  title={Collaborative diffusion for multi-modal face generation and editing},
  author={Huang, Ziqi and Chan, Kelvin CK and Jiang, Yuming and Liu, Ziwei},
  booktitle={Proceedings of the IEEE/CVF Conference on Computer Vision and Pattern Recognition},
  pages={6080--6090},
  year={2023}
}

@article{li2023photomaker,
  title={PhotoMaker: Customizing Realistic Human Photos via Stacked ID Embedding},
  author={Li, Zhen and Cao, Mingdeng and Wang, Xintao and Qi, Zhongang and Cheng, Ming-Ming and Shan, Ying},
  journal={arXiv preprint arXiv:2312.04461},
  year={2023}
}

@article{he2023data,
  title={A Data Perspective on Enhanced Identity Preservation for Diffusion Personalization},
  author={He, Xingzhe and Cao, Zhiwen and Kolkin, Nicholas and Yu, Lantao and Rhodin, Helge and Kalarot, Ratheesh},
  journal={arXiv preprint arXiv:2311.04315},
  year={2023}
}

@article{zhang2023jointnet,
  title={JointNet: Extending Text-to-Image Diffusion for Dense Distribution Modeling},
  author={Zhang, Jingyang and Li, Shiwei and Lu, Yuanxun and Fang, Tian and McKinnon, David and Tsin, Yanghai and Quan, Long and Yao, Yao},
  journal={arXiv preprint arXiv:2310.06347},
  year={2023}
}

@article{huang2023composer,
  title={Composer: Creative and controllable image synthesis with composable conditions},
  author={Huang, Lianghua and Chen, Di and Liu, Yu and Shen, Yujun and Zhao, Deli and Zhou, Jingren},
  journal={arXiv preprint arXiv:2302.09778},
  year={2023}
}

@article{zhao2023local,
  title={Local Conditional Controlling for Text-to-Image Diffusion Models},
  author={Zhao, Yibo and Peng, Liang and Yang, Yang and Luo, Zekai and Li, Hengjia and Chen, Yao and Zhao, Wei and Liu, Wei and Wu, Boxi and others},
  journal={arXiv preprint arXiv:2312.08768},
  year={2023}
}

@article{liu2023stylecrafter,
  title={StyleCrafter: Enhancing Stylized Text-to-Video Generation with Style Adapter},
  author={Liu, Gongye and Xia, Menghan and Zhang, Yong and Chen, Haoxin and Xing, Jinbo and Wang, Xintao and Yang, Yujiu and Shan, Ying},
  journal={arXiv preprint arXiv:2312.00330},
  year={2023}
}

@article{achlioptas2023stellar,
  title={Stellar: Systematic Evaluation of Human-Centric Personalized Text-to-Image Methods},
  author={Achlioptas, Panos and Benetatos, Alexandros and Fostiropoulos, Iordanis and Skourtis, Dimitris},
  journal={arXiv preprint arXiv:2312.06116},
  year={2023}
}

@article{peng2023portraitbooth,
  title={PortraitBooth: A Versatile Portrait Model for Fast Identity-preserved Personalization},
  author={Peng, Xu and Zhu, Junwei and Jiang, Boyuan and Tai, Ying and Luo, Donghao and Zhang, Jiangning and Lin, Wei and Jin, Taisong and Wang, Chengjie and Ji, Rongrong},
  journal={arXiv preprint arXiv:2312.06354},
  year={2023}
}

@article{mo2023freecontrol,
  title={FreeControl: Training-Free Spatial Control of Any Text-to-Image Diffusion Model with Any Condition},
  author={Mo, Sicheng and Mu, Fangzhou and Lin, Kuan Heng and Liu, Yanli and Guan, Bochen and Li, Yin and Zhou, Bolei},
  journal={arXiv preprint arXiv:2312.07536},
  year={2023}
}

@article{han2023svdiff,
  title={Svdiff: Compact parameter space for diffusion fine-tuning},
  author={Han, Ligong and Li, Yinxiao and Zhang, Han and Milanfar, Peyman and Metaxas, Dimitris and Yang, Feng},
  journal={arXiv preprint arXiv:2303.11305},
  year={2023}
}

@inproceedings{xue2023freestyle,
  title={Freestyle Layout-to-Image Synthesis},
  author={Xue, Han and Huang, Zhiwu and Sun, Qianru and Song, Li and Zhang, Wenjun},
  booktitle={Proceedings of the IEEE/CVF Conference on Computer Vision and Pattern Recognition},
  pages={14256--14266},
  year={2023}
}

@article{chen2023democaricature,
  title={DemoCaricature: Democratising Caricature Generation with a Rough Sketch},
  author={Chen, Dar-Yen and Koley, Subhadeep and Sain, Aneeshan and Chowdhury, Pinaki Nath and Xiang, Tao and Bhunia, Ayan Kumar and Song, Yi-Zhe},
  journal={arXiv preprint arXiv:2312.04364},
  year={2023}
}

@article{chen2023textdiffuser,
  title={TextDiffuser: Diffusion Models as Text Painters},
  author={Chen, Jingye and Huang, Yupan and Lv, Tengchao and Cui, Lei and Chen, Qifeng and Wei, Furu},
  journal={arXiv preprint arXiv:2305.10855},
  year={2023}
}

@article{zhao2023videoassembler,
  title={VideoAssembler: Identity-Consistent Video Generation with Reference Entities using Diffusion Model},
  author={Zhao, Haoyu and Lu, Tianyi and Gu, Jiaxi and Zhang, Xing and Wu, Zuxuan and Xu, Hang and Jiang, Yu-Gang},
  journal={arXiv preprint arXiv:2311.17338},
  year={2023}
}

@article{qi2023layered,
  title={Layered Rendering Diffusion Model for Zero-Shot Guided Image Synthesis},
  author={Qi, Zipeng and Huang, Guoxi and Huang, Zebin and Guo, Qin and Chen, Jinwen and Han, Junyu and Wang, Jian and Zhang, Gang and Liu, Lufei and Ding, Errui and others},
  journal={arXiv preprint arXiv:2311.18435},
  year={2023}
}

@article{chen2023dreamidentity,
  title={Dreamidentity: Improved editability for efficient face-identity preserved image generation},
  author={Chen, Zhuowei and Fang, Shancheng and Liu, Wei and He, Qian and Huang, Mengqi and Zhang, Yongdong and Mao, Zhendong},
  journal={arXiv preprint arXiv:2307.00300},
  year={2023}
}

@article{materzynska2023customizing,
  title={Customizing Motion in Text-to-Video Diffusion Models},
  author={Materzynska, Joanna and Sivic, Josef and Shechtman, Eli and Torralba, Antonio and Zhang, Richard and Russell, Bryan},
  journal={arXiv preprint arXiv:2312.04966},
  year={2023}
}

@inproceedings{tian2019fcos,
  title={Fcos: Fully convolutional one-stage object detection},
  author={Tian, Zhi and Shen, Chunhua and Chen, Hao and He, Tong},
  booktitle={Proceedings of the IEEE/CVF international conference on computer vision},
  pages={9627--9636},
  year={2019}
}

@article{zhang2023prospect,
  title={ProSpect: Prompt Spectrum for Attribute-Aware Personalization of Diffusion Models},
  author={Zhang, Yuxin and Dong, Weiming and Tang, Fan and Huang, Nisha and Huang, Haibin and Ma, Chongyang and Lee, Tong-Yee and Deussen, Oliver and Xu, Changsheng},
  journal={ACM Transactions on Graphics (TOG)},
  volume={42},
  number={6},
  pages={1--14},
  year={2023},
  publisher={ACM New York, NY, USA}
}

@article{qiu2023controlling,
  title={Controlling text-to-image diffusion by orthogonal finetuning},
  author={Qiu, Zeju and Liu, Weiyang and Feng, Haiwen and Xue, Yuxuan and Feng, Yao and Liu, Zhen and Zhang, Dan and Weller, Adrian and Sch{\"o}lkopf, Bernhard},
  journal={arXiv preprint arXiv:2306.07280},
  year={2023}
}

@inproceedings{xie2023boxdiff,
  title={Boxdiff: Text-to-image synthesis with training-free box-constrained diffusion},
  author={Xie, Jinheng and Li, Yuexiang and Huang, Yawen and Liu, Haozhe and Zhang, Wentian and Zheng, Yefeng and Shou, Mike Zheng},
  booktitle={Proceedings of the IEEE/CVF International Conference on Computer Vision},
  pages={7452--7461},
  year={2023}
}

@article{hertz2023style,
  title={Style Aligned Image Generation via Shared Attention},
  author={Hertz, Amir and Voynov, Andrey and Fruchter, Shlomi and Cohen-Or, Daniel},
  journal={arXiv preprint arXiv:2312.02133},
  year={2023}
}

@article{zavadski2023controlnet,
  title={ControlNet-XS: Designing an Efficient and Effective Architecture for Controlling Text-to-Image Diffusion Models},
  author={Zavadski, Denis and Feiden, Johann-Friedrich and Rother, Carsten},
  journal={arXiv preprint arXiv:2312.06573},
  year={2023}
}

@article{mao2023semantic,
  title={Semantic-Driven Initial Image Construction for Guided Image Synthesis in Diffusion Model},
  author={Mao, Jiafeng and Wang, Xueting and Aizawa, Kiyoharu},
  journal={arXiv preprint arXiv:2312.08872},
  year={2023}
}

@article{li2023stylegan,
  title={When StyleGAN Meets Stable Diffusion: a $\mathscr {W} _+ $ Adapter for Personalized Image Generation},
  author={Li, Xiaoming and Hou, Xinyu and Loy, Chen Change},
  journal={arXiv preprint arXiv:2311.17461},
  year={2023}
}

@article{liu2023late,
  title={Late-Constraint Diffusion Guidance for Controllable Image Synthesis},
  author={Liu, Chang and Liu, Dong},
  journal={arXiv preprint arXiv:2305.11520},
  year={2023}
}

@inproceedings{arar2023domain,
  title={Domain-agnostic tuning-encoder for fast personalization of text-to-image models},
  author={Arar, Moab and Gal, Rinon and Atzmon, Yuval and Chechik, Gal and Cohen-Or, Daniel and Shamir, Ariel and H. Bermano, Amit},
  booktitle={SIGGRAPH Asia 2023 Conference Papers},
  pages={1--10},
  year={2023}
}

@inproceedings{tewel2023key,
  title={Key-locked rank one editing for text-to-image personalization},
  author={Tewel, Yoad and Gal, Rinon and Chechik, Gal and Atzmon, Yuval},
  booktitle={ACM SIGGRAPH 2023 Conference Proceedings},
  pages={1--11},
  year={2023}
}

@article{liu2023facechain,
  title={FaceChain: A Playground for Identity-Preserving Portrait Generation},
  author={Liu, Yang and Yu, Cheng and Shang, Lei and Wu, Ziheng and Wang, Xingjun and Zhao, Yuze and Zhu, Lin and Cheng, Chen and Chen, Weitao and Xu, Chao and others},
  journal={arXiv preprint arXiv:2308.14256},
  year={2023}
}

@article{cheng2023layoutdiffuse,
  title={Layoutdiffuse: Adapting foundational diffusion models for layout-to-image generation},
  author={Cheng, Jiaxin and Liang, Xiao and Shi, Xingjian and He, Tong and Xiao, Tianjun and Li, Mu},
  journal={arXiv preprint arXiv:2302.08908},
  year={2023}
}

@article{agarwal2023image,
  title={An Image is Worth Multiple Words: Multi-attribute Inversion for Constrained Text-to-Image Synthesis},
  author={Agarwal, Aishwarya and Karanam, Srikrishna and Shukla, Tripti and Srinivasan, Balaji Vasan},
  journal={arXiv preprint arXiv:2311.11919},
  year={2023}
}

@article{jin2023image,
  title={An image is worth multiple words: Learning object level concepts using multi-concept prompt learning},
  author={Jin, Chen and Tanno, Ryutaro and Saseendran, Amrutha and Diethe, Tom and Teare, Philip},
  journal={arXiv preprint arXiv:2310.12274},
  year={2023}
}

@article{gal2022image,
  title={An image is worth one word: Personalizing text-to-image generation using textual inversion},
  author={Gal, Rinon and Alaluf, Yuval and Atzmon, Yuval and Patashnik, Or and Bermano, Amit H and Chechik, Gal and Cohen-Or, Daniel},
  journal={arXiv preprint arXiv:2208.01618},
  year={2022}
}

@article{feng2023dreamoving,
  title={DreaMoving: A Human Dance Video Generation Framework based on Diffusion Models},
  author={Feng, Mengyang and Liu, Jinlin and Yu, Kai and Yao, Yuan and Hui, Zheng and Guo, Xiefan and Lin, Xianhui and Xue, Haolan and Shi, Chen and Li, Xiaowen and others},
  journal={arXiv preprint arXiv:2312.05107},
  year={2023}
}

@article{motamed2023lego,
  title={Lego: Learning to Disentangle and Invert Concepts Beyond Object Appearance in Text-to-Image Diffusion Models},
  author={Motamed, Saman and Paudel, Danda Pani and Van Gool, Luc},
  journal={arXiv preprint arXiv:2311.13833},
  year={2023}
}

@article{gal2023designing,
  title={Designing an encoder for fast personalization of text-to-image models},
  author={Gal, Rinon and Arar, Moab and Atzmon, Yuval and Bermano, Amit H and Chechik, Gal and Cohen-Or, Daniel},
  journal={arXiv preprint arXiv:2302.12228},
  year={2023}
}

@article{cheong2023visconet,
  title={ViscoNet: Bridging and Harmonizing Visual and Textual Conditioning for ControlNet},
  author={Cheong, Soon Yau and Mustafa, Armin and Gilbert, Andrew},
  journal={arXiv preprint arXiv:2312.03154},
  year={2023}
}

@article{safaee2023clic,
  title={CLiC: Concept Learning in Context},
  author={Safaee, Mehdi and Mikaeili, Aryan and Patashnik, Or and Cohen-Or, Daniel and Mahdavi-Amiri, Ali},
  journal={arXiv preprint arXiv:2311.17083},
  year={2023}
}

@article{wang2023customizing,
  title={Customizing 360-Degree Panoramas through Text-to-Image Diffusion Models},
  author={Wang, Hai and Xiang, Xiaoyu and Fan, Yuchen and Xue, Jing-Hao},
  journal={arXiv preprint arXiv:2310.18840},
  year={2023}
}

@article{huang2023learning,
  title={Learning Disentangled Identifiers for Action-Customized Text-to-Image Generation},
  author={Huang, Siteng and Gong, Biao and Feng, Yutong and Chen, Xi and Fu, Yuqian and Liu, Yu and Wang, Donglin},
  journal={arXiv preprint arXiv:2311.15841},
  year={2023}
}

@article{jia2023ssmg,
  title={SSMG: Spatial-Semantic Map Guided Diffusion Model for Free-form Layout-to-Image Generation},
  author={Jia, Chengyou and Luo, Minnan and Dang, Zhuohang and Dai, Guang and Chang, Xiaojun and Wang, Mengmeng and Wang, Jingdong},
  journal={arXiv preprint arXiv:2308.10156},
  year={2023}
}

@article{xu2023prompt,
  title={Prompt-Free Diffusion: Taking" Text" out of Text-to-Image Diffusion Models},
  author={Xu, Xingqian and Guo, Jiayi and Wang, Zhangyang and Huang, Gao and Essa, Irfan and Shi, Humphrey},
  journal={arXiv preprint arXiv:2305.16223},
  year={2023}
}

@article{f2007methods,
  title={Methods to account for spatial autocorrelation in the analysis of species distributional data: a review},
  author={F. Dormann, Carsten and M. McPherson, Jana and B. Ara{\'u}jo, Miguel and Bivand, Roger and Bolliger, Janine and Carl, Gudrun and G. Davies, Richard and Hirzel, Alexandre and Jetz, Walter and Daniel Kissling, W and others},
  journal={Ecography},
  volume={30},
  number={5},
  pages={609--628},
  year={2007},
  publisher={Wiley Online Library}
}

@article{smith2023continual2,
  title={Continual Diffusion with STAMINA: STack-And-Mask INcremental Adapters},
  author={Smith, James Seale and Hsu, Yen-Chang and Kira, Zsolt and Shen, Yilin and Jin, Hongxia},
  journal={arXiv preprint arXiv:2311.18763},
  year={2023}
}

@article{yan2023facestudio,
  title={FaceStudio: Put Your Face Everywhere in Seconds},
  author={Yan, Yuxuan and Zhang, Chi and Wang, Rui and Zhou, Yichao and Zhang, Gege and Cheng, Pei and Yu, Gang and Fu, Bin},
  journal={arXiv preprint arXiv:2312.02663},
  year={2023}
}

@article{zhou2023customization,
  title={Customization Assistant for Text-to-image Generation},
  author={Zhou, Yufan and Zhang, Ruiyi and Gu, Jiuxiang and Sun, Tong},
  journal={arXiv preprint arXiv:2312.03045},
  year={2023}
}

@article{li2023generate,
  title={Generate Anything Anywhere in Any Scene},
  author={Li, Yuheng and Liu, Haotian and Wen, Yangming and Lee, Yong Jae},
  journal={arXiv preprint arXiv:2306.17154},
  year={2023}
}

@article{jiang2023videobooth,
  title={VideoBooth: Diffusion-based Video Generation with Image Prompts},
  author={Jiang, Yuming and Wu, Tianxing and Yang, Shuai and Si, Chenyang and Lin, Dahua and Qiao, Yu and Loy, Chen Change and Liu, Ziwei},
  journal={arXiv preprint arXiv:2312.00777},
  year={2023}
}

@inproceedings{voronov2023loss,
  title={Is This Loss Informative? Faster Text-to-Image Customization by Tracking Objective Dynamics},
  author={Voronov, Anton and Khoroshikh, Mikhail and Babenko, Artem and Ryabinin, Max},
  booktitle={Thirty-seventh Conference on Neural Information Processing Systems},
  year={2023}
}

@article{chen2023disenbooth,
  title={DisenBooth: Disentangled Parameter-Efficient Tuning for Subject-Driven Text-to-Image Generation},
  author={Chen, Hong and Zhang, Yipeng and Wang, Xin and Duan, Xuguang and Zhou, Yuwei and Zhu, Wenwu},
  journal={arXiv preprint arXiv:2305.03374},
  year={2023}
}

@inproceedings{zhang2023adding,
  title={Adding conditional control to text-to-image diffusion models},
  author={Zhang, Lvmin and Rao, Anyi and Agrawala, Maneesh},
  booktitle={Proceedings of the IEEE/CVF International Conference on Computer Vision},
  pages={3836--3847},
  year={2023}
}

@article{yu2023freedom,
  title={Freedom: Training-free energy-guided conditional diffusion model},
  author={Yu, Jiwen and Wang, Yinhuai and Zhao, Chen and Ghanem, Bernard and Zhang, Jian},
  journal={arXiv preprint arXiv:2303.09833},
  year={2023}
}

@article{roy2023diffnat,
  title={DIFFNAT: Improving Diffusion Image Quality Using Natural Image Statistics},
  author={Roy, Aniket and Suin, Maiterya and Shah, Anshul and Shah, Ketul and Liu, Jiang and Chellappa, Rama},
  journal={arXiv preprint arXiv:2311.09753},
  year={2023}
}

@article{ruiz2023hyperdreambooth,
  title={Hyperdreambooth: Hypernetworks for fast personalization of text-to-image models},
  author={Ruiz, Nataniel and Li, Yuanzhen and Jampani, Varun and Wei, Wei and Hou, Tingbo and Pritch, Yael and Wadhwa, Neal and Rubinstein, Michael and Aberman, Kfir},
  journal={arXiv preprint arXiv:2307.06949},
  year={2023}
}

@article{xiao2023fastcomposer,
  title={FastComposer: Tuning-Free Multi-Subject Image Generation with Localized Attention},
  author={Xiao, Guangxuan and Yin, Tianwei and Freeman, William T and Durand, Fr{\'e}do and Han, Song},
  journal={arXiv preprint arXiv:2305.10431},
  year={2023}
}

@article{gu2023mix,
  title={Mix-of-Show: Decentralized Low-Rank Adaptation for Multi-Concept Customization of Diffusion Models},
  author={Gu, Yuchao and Wang, Xintao and Wu, Jay Zhangjie and Shi, Yujun and Chen, Yunpeng and Fan, Zihan and Xiao, Wuyou and Zhao, Rui and Chang, Shuning and Wu, Weijia and others},
  journal={arXiv preprint arXiv:2305.18292},
  year={2023}
}

@article{yang2023controllable,
  title={Controllable Textual Inversion for Personalized Text-to-Image Generation},
  author={Yang, Jianan and Wang, Haobo and Xiao, Ruixuan and Wu, Sai and Chen, Gang and Zhao, Junbo},
  journal={arXiv preprint arXiv:2304.05265},
  year={2023}
}

@article{orzan2008diffusion,
  title={Diffusion curves: a vector representation for smooth-shaded images},
  author={Orzan, Alexandrina and Bousseau, Adrien and Winnem{\"o}ller, Holger and Barla, Pascal and Thollot, Jo{\"e}lle and Salesin, David},
  journal={ACM Transactions on Graphics (TOG)},
  volume={27},
  number={3},
  pages={1--8},
  year={2008},
  publisher={ACM New York, NY, USA}
}

@article{cai2023decoupled,
  title={Decoupled Textual Embeddings for Customized Image Generation},
  author={Cai, Yufei and Wei, Yuxiang and Ji, Zhilong and Bai, Jinfeng and Han, Hu and Zuo, Wangmeng},
  journal={arXiv preprint arXiv:2312.11826},
  year={2023}
}

@article{pan2023towards,
  title={Towards Accurate Guided Diffusion Sampling through Symplectic Adjoint Method},
  author={Pan, Jiachun and Yan, Hanshu and Liew, Jun Hao and Feng, Jiashi and Tan, Vincent YF},
  journal={arXiv preprint arXiv:2312.12030},
  year={2023}
}

@inproceedings{wu2023harnessing,
  title={Harnessing the spatial-temporal attention of diffusion models for high-fidelity text-to-image synthesis},
  author={Wu, Qiucheng and Liu, Yujian and Zhao, Handong and Bui, Trung and Lin, Zhe and Zhang, Yang and Chang, Shiyu},
  booktitle={Proceedings of the IEEE/CVF International Conference on Computer Vision},
  pages={7766--7776},
  year={2023}
}

@article{sun2023generative,
  title={Generative pretraining in multimodality},
  author={Sun, Quan and Yu, Qiying and Cui, Yufeng and Zhang, Fan and Zhang, Xiaosong and Wang, Yueze and Gao, Hongcheng and Liu, Jingjing and Huang, Tiejun and Wang, Xinlong},
  journal={arXiv preprint arXiv:2307.05222},
  year={2023}
}

@article{cao2023decreases,
  title={What Decreases Editing Capability? Domain-Specific Hybrid Refinement for Improved GAN Inversion},
  author={Cao, Pu and Yang, Lu and Liu, Dongxu and Liu, Zhiwei and Li, Shan and Song, Qing},
  journal={arXiv preprint arXiv:2301.12141},
  year={2023}
}

@article{cao2022lsap,
  title={Lsap: Rethinking inversion fidelity, perception and editability in gan latent space},
  author={Cao, Pu and Yang, Lu and Liu, Dongxu and Liu, Zhiwei and Li, Shan and Song, Qing},
  journal={arXiv preprint arXiv:2209.12746},
  year={2022}
}

@misc{hua2023dreamtuner,
title={DreamTuner: Single Image is Enough for Subject-Driven Generation},
author={Miao Hua and Jiawei Liu and Fei Ding and Wei Liu and Jie Wu and Qian He},
year={2023},
eprint={2312.13691},
archivePrefix={arXiv},
primaryClass={cs.CV}
}

@article{devlin2018bert,
  title={Bert: Pre-training of deep bidirectional transformers for language understanding},
  author={Devlin, Jacob and Chang, Ming-Wei and Lee, Kenton and Toutanova, Kristina},
  journal={arXiv preprint arXiv:1810.04805},
  year={2018}
}

@article{dong2022dreamartist,
  title={Dreamartist: Towards controllable one-shot text-to-image generation via contrastive prompt-tuning},
  author={Dong, Ziyi and Wei, Pengxu and Lin, Liang},
  journal={arXiv preprint arXiv:2211.11337},
  year={2022}
}

@article{chefer2023attend,
  title={Attend-and-excite: Attention-based semantic guidance for text-to-image diffusion models},
  author={Chefer, Hila and Alaluf, Yuval and Vinker, Yael and Wolf, Lior and Cohen-Or, Daniel},
  journal={ACM Transactions on Graphics (TOG)},
  volume={42},
  number={4},
  pages={1--10},
  year={2023},
  publisher={ACM New York, NY, USA}
}


@inproceedings{ge2023expressive,
  title={Expressive text-to-image generation with rich text},
  author={Ge, Songwei and Park, Taesung and Zhu, Jun-Yan and Huang, Jia-Bin},
  booktitle={Proceedings of the IEEE/CVF International Conference on Computer Vision},
  pages={7545--7556},
  year={2023}
}


@article{liu2023cones2,
  title={Cones 2: Customizable Image Synthesis with Multiple Subjects},
  author={Liu, Zhiheng and Zhang, Yifei and Shen, Yujun and Zheng, Kecheng and Zhu, Kai and Feng, Ruili and Liu, Yu and Zhao, Deli and Zhou, Jingren and Cao, Yang},
  journal={arXiv preprint arXiv:2305.19327},
  year={2023}
}

@article{phung2023grounded,
  title={Grounded Text-to-Image Synthesis with Attention Refocusing},
  author={Phung, Quynh and Ge, Songwei and Huang, Jia-Bin},
  journal={arXiv preprint arXiv:2306.05427},
  year={2023}
}


@article{rassin2023linguistic,
  title={Linguistic Binding in Diffusion Models: Enhancing Attribute Correspondence through Attention Map Alignment},
  author={Rassin, Royi and Hirsch, Eran and Glickman, Daniel and Ravfogel, Shauli and Goldberg, Yoav and Chechik, Gal},
  journal={arXiv preprint arXiv:2306.08877},
  year={2023}
}

@inproceedings{couairon2023zero,
  title={Zero-shot spatial layout conditioning for text-to-image diffusion models},
  author={Couairon, Guillaume and Careil, Marlene and Cord, Matthieu and Lathuiliere, St{\'e}phane and Verbeek, Jakob},
  booktitle={Proceedings of the IEEE/CVF International Conference on Computer Vision},
  pages={2174--2183},
  year={2023}
}


@article{he2023localized,
  title={Localized Text-to-Image Generation for Free via Cross Attention Control},
  author={He, Yutong and Salakhutdinov, Ruslan and Kolter, J Zico},
  journal={arXiv preprint arXiv:2306.14636},
  year={2023}
}


@article{Kim2023DenseTG,
title={Dense Text-to-Image Generation with Attention Modulation},
author={Yunji Kim and Jiyoung Lee and Jin-Hwa Kim and Jung-Woo Ha and Jun-Yan Zhu},
journal={ArXiv},
year={2023},
volume={abs/2308.12964},
url={https://api.semanticscholar.org/CorpusID:261101003}
}

@article{zeqiang2023mini,
  title={Mini-DALLE3: Interactive Text to Image by Prompting Large Language Models},
  author={Zeqiang, Lai and Xizhou, Zhu and Jifeng, Dai and Yu, Qiao and Wenhai, Wang},
  journal={arXiv preprint arXiv:2310.07653},
  year={2023}
}

@article{wang2023enhancing,
  title={Enhancing Object Coherence in Layout-to-Image Synthesis},
  author={Wang, Yibin and Zhang, Weizhong and Zheng, Jianwei and Jin, Cheng},
  journal={arXiv preprint arXiv:2311.10522},
  year={2023}
}


@article{zhao2023loco,
  title={LoCo: Locally Constrained Training-Free Layout-to-Image Synthesis},
  author={Zhao, Peiang and Li, Han and Jin, Ruiyang and Zhou, S Kevin},
  journal={arXiv preprint arXiv:2311.12342},
  year={2023}
}

@article{yang2022part,
  title={Part Decomposition and Refinement Network for Human Parsing},
  author={Yang, Lu and Liu, Zhiwei and Zhou, Tianfei and Song, Qing},
  journal={IEEE/CAA Journal of Automatica Sinica},
  volume={9},
  number={6},
  pages={1111--1114},
  year={2022},
  publisher={IEEE}
}

@inproceedings{yang2019parsing,
  title={Parsing r-cnn for instance-level human analysis},
  author={Yang, Lu and Song, Qing and Wang, Zhihui and Jiang, Ming},
  booktitle={Proceedings of the IEEE/CVF Conference on Computer Vision and Pattern Recognition},
  pages={364--373},
  year={2019}
}

@inproceedings{yang2020renovating,
  title={Renovating parsing R-CNN for accurate multiple human parsing},
  author={Yang, Lu and Song, Qing and Wang, Zhihui and Hu, Mengjie and Liu, Chun and Xin, Xueshi and Jia, Wenhe and Xu, Songcen},
  booktitle={European Conference on Computer Vision},
  pages={421--437},
  year={2020},
  organization={Springer}
}

@article{yang2022quality,
  title={Quality-aware network for human parsing},
  author={Yang, Lu and Song, Qing and Wang, Zhihui and Liu, Zhiwei and Xu, Songcen and Li, Zhihao},
  journal={IEEE Transactions on Multimedia},
  year={2022},
  publisher={IEEE}
}

@article{yang2021quality,
  title={Quality-Aware Network for Face Parsing},
  author={Yang, Lu and Song, Qing and Xin, Xueshi and Liu, Zhiwei},
  journal={arXiv preprint arXiv:2106.07368},
  year={2021}
}

@article{yang2023deep,
  title={Deep Learning Technique for Human Parsing: A Survey and Outlook},
  author={Yang, Lu and Jia, Wenhe and Li, Shan and Song, Qing},
  journal={arXiv preprint arXiv:2301.00394},
  year={2023}
}


@article{wu2023paragraph,
  title={Paragraph-to-Image Generation with Information-Enriched Diffusion Model},
  author={Wu, Weijia and Li, Zhuang and He, Yefei and Shou, Mike Zheng and Shen, Chunhua and Cheng, Lele and Li, Yan and Gao, Tingting and Zhang, Di and Wang, Zhongyuan},
  journal={arXiv preprint arXiv:2311.14284},
  year={2023}
}


@article{ku2023viescore,
  title={VIEScore: Towards Explainable Metrics for Conditional Image Synthesis Evaluation},
  author={Ku, Max and Jiang, Dongfu and Wei, Cong and Yue, Xiang and Chen, Wenhu},
  journal={arXiv preprint arXiv:2312.14867},
  year={2023}
}


@article{po2023orthogonal,
  title={Orthogonal Adaptation for Modular Customization of Diffusion Models},
  author={Po, Ryan and Yang, Guandao and Aberman, Kfir and Wetzstein, Gordon},
  journal={arXiv preprint arXiv:2312.02432},
  year={2023}
}

@article{song2023save,
title={SAVE: Protagonist Diversification with Structure Agnostic Video Editing},
author={Song, Yeji and Shin, Wonsik and Lee, Junsoo and Kim, Jeesoo and Kwak, Nojun},
journal={arXiv preprint arXiv:2312.02503},
year={2023}
}

@article{tang2023retrieving,
title={Retrieving Conditions from Reference Images for Diffusion Models},
author={Tang, Haoran and Zhou, Xin and Deng, Jieren and Pan, Zhihong and Tian, Hao and Chaudhari, Pratik},
journal={arXiv preprint arXiv:2312.02521},
year={2023}
}

@article{cao2023concept,
  title={Concept-centric Personalization with Large-scale Diffusion Priors},
  author={Cao, Pu and Yang, Lu and Zhou, Feng and Huang, Tianrui and Song, Qing},
  journal={arXiv preprint arXiv:2312.08195},
  year={2023}
}

@article{zhang2023brush,
  title={Brush Your Text: Synthesize Any Scene Text on Images via Diffusion Model},
  author={Zhang, Lingjun and Chen, Xinyuan and Wang, Yaohui and Lu, Yue and Qiao, Yu},
  journal={arXiv preprint arXiv:2312.12232},
  year={2023}
}

@article{nlong2023dreamdistribution,
  title={DreamDistribution: Prompt Distribution Learning for Text-to-Image Diffusion Models},
  author={Nlong Zhao, Brian and Xiao, Yuhang and Xu, Jiashu and Jiang, Xinyang and Yang, Yifan and Li, Dongsheng and Itti, Laurent and Vineet, Vibhav and Ge, Yunhao},
  journal={arXiv e-prints},
  pages={arXiv--2312},
  year={2023}
}

@article{fu2023brainvis,
  title={BrainVis: Exploring the Bridge between Brain and Visual Signals via Image Reconstruction},
  author={Fu, Honghao and Shen, Zhiqi and Chin, Jing Jih and Wang, Hao},
  journal={arXiv preprint arXiv:2312.14871},
  year={2023}
}

@article{pang2023cross,
  title={Cross Initialization for Personalized Text-to-Image Generation},
  author={Pang, Lianyu and Yin, Jian and Xie, Haoran and Wang, Qiping and Li, Qing and Mao, Xudong},
  journal={arXiv preprint arXiv:2312.15905},
  year={2023}
}


@article{balaji2022ediffi,
  title={ediffi: Text-to-image diffusion models with an ensemble of expert denoisers},
  author={Balaji, Yogesh and Nah, Seungjun and Huang, Xun and Vahdat, Arash and Song, Jiaming and Kreis, Karsten and Aittala, Miika and Aila, Timo and Laine, Samuli and Catanzaro, Bryan and others},
  journal={arXiv preprint arXiv:2211.01324},
  year={2022}
}

@inproceedings{kavasidis2017brain2image,
  title={Brain2image: Converting brain signals into images},
  author={Kavasidis, Isaak and Palazzo, Simone and Spampinato, Concetto and Giordano, Daniela and Shah, Mubarak},
  booktitle={Proceedings of the 25th ACM international conference on Multimedia},
  pages={1809--1817},
  year={2017}
}

@inproceedings{tirupattur2018thoughtviz,
  title={Thoughtviz: Visualizing human thoughts using generative adversarial network},
  author={Tirupattur, Praveen and Rawat, Yogesh Singh and Spampinato, Concetto and Shah, Mubarak},
  booktitle={Proceedings of the 26th ACM international conference on Multimedia},
  pages={950--958},
  year={2018}
}

@article{lin2022mind,
  title={Mind reader: Reconstructing complex images from brain activities},
  author={Lin, Sikun and Sprague, Thomas and Singh, Ambuj K},
  journal={Advances in Neural Information Processing Systems},
  volume={35},
  pages={29624--29636},
  year={2022}
}

@article{Bhargav2020ImagenationA,
  title={Imagenation - A DCGAN based method for Image Reconstruction from fMRI},
  author={Krishna Kumar Bhargav and S. Ambika and Sharma Deepak and S. Sudha},
  journal={2020 Fifth International Conference on Research in Computational Intelligence and Communication Networks (ICRCICN)},
  year={2020},
  pages={112-119},
  url={https://api.semanticscholar.org/CorpusID:229373783}
}

@article{touvron2023llama,
  title={Llama 2: Open foundation and fine-tuned chat models},
  author={Touvron, Hugo and Martin, Louis and Stone, Kevin and Albert, Peter and Almahairi, Amjad and Babaei, Yasmine and Bashlykov, Nikolay and Batra, Soumya and Bhargava, Prajjwal and Bhosale, Shruti and others},
  journal={arXiv preprint arXiv:2307.09288},
  year={2023}
}

@article{Ramesh2022HierarchicalTI,
  title={Hierarchical Text-Conditional Image Generation with CLIP Latents},
  author={Aditya Ramesh and Prafulla Dhariwal and Alex Nichol and Casey Chu and Mark Chen},
  journal={arXiv preprint arXiv:2204.06125},
  year={2022},
}

@article{oquab2023dinov2,
  title={Dinov2: Learning robust visual features without supervision},
  author={Oquab, Maxime and Darcet, Timoth{\'e}e and Moutakanni, Th{\'e}o and Vo, Huy and Szafraniec, Marc and Khalidov, Vasil and Fernandez, Pierre and Haziza, Daniel and Massa, Francisco and El-Nouby, Alaaeldin and others},
  journal={arXiv preprint arXiv:2304.07193},
  year={2023}
}

@article{saharia2022photorealistic,
  title={Photorealistic text-to-image diffusion models with deep language understanding},
  author={Saharia, Chitwan and Chan, William and Saxena, Saurabh and Li, Lala and Whang, Jay and Denton, Emily L and Ghasemipour, Kamyar and Gontijo Lopes, Raphael and Karagol Ayan, Burcu and Salimans, Tim and others},
  journal={Advances in Neural Information Processing Systems},
  volume={35},
  pages={36479--36494},
  year={2022}
}


@article{conneau2019unsupervised,
  title={Unsupervised cross-lingual representation learning at scale},
  author={Conneau, Alexis and Khandelwal, Kartikay and Goyal, Naman and Chaudhary, Vishrav and Wenzek, Guillaume and Guzm{\'a}n, Francisco and Grave, Edouard and Ott, Myle and Zettlemoyer, Luke and Stoyanov, Veselin},
  journal={arXiv preprint arXiv:1911.02116},
  year={2019}
}

@article{xiao2023r,
  title={R\&B: Region and Boundary Aware Zero-shot Grounded Text-to-image Generation},
  author={Xiao, Jiayu and Li, Liang and Lv, Henglei and Wang, Shuhui and Huang, Qingming},
  journal={arXiv preprint arXiv:2310.08872},
  year={2023}
}


@article{jiang2023scedit,
title={SCEdit: Efficient and Controllable Image Diffusion Generation via Skip Connection Editing},
author={Jiang, Zeyinzi and Mao, Chaojie and Pan, Yulin and Han, Zhen and Zhang, Jingfeng},
journal={arXiv preprint arXiv:2312.11392},
year={2023}
}


@inproceedings{finn2017model,
  title={Model-agnostic meta-learning for fast adaptation of deep networks},
  author={Finn, Chelsea and Abbeel, Pieter and Levine, Sergey},
  booktitle={International conference on machine learning},
  pages={1126--1135},
  year={2017},
  organization={PMLR}
}

@article{ren2023towards,
  title={Towards Flexible, Scalable, and Adaptive Multi-Modal Conditioned Face Synthesis},
  author={Ren, Jingjing and Xu, Cheng and Chen, Haoyu and Qin, Xinran and Li, Chongyi and Zhu, Lei},
  journal={arXiv preprint arXiv:2312.16274},
  year={2023}
}


@inproceedings{chen2023seeing,
  title={Seeing beyond the brain: Conditional diffusion model with sparse masked modeling for vision decoding},
  author={Chen, Zijiao and Qing, Jiaxin and Xiang, Tiange and Yue, Wan Lin and Zhou, Juan Helen},
  booktitle={Proceedings of the IEEE/CVF Conference on Computer Vision and Pattern Recognition},
  pages={22710--22720},
  year={2023}
}


@inproceedings{bansal2023universal,
title={Universal guidance for diffusion models},
author={Bansal, Arpit and Chu, Hong-Min and Schwarzschild, Avi and Sengupta, Soumyadip and Goldblum, Micah and Geiping, Jonas and Goldstein, Tom},
booktitle={Proceedings of the IEEE/CVF Conference on Computer Vision and Pattern Recognition},
pages={843--852},
year={2023}
}

@inproceedings{takagi2023high,
title={High-resolution image reconstruction with latent diffusion models from human brain activity},
author={Takagi, Yu and Nishimoto, Shinji},
booktitle={Proceedings of the IEEE/CVF Conference on Computer Vision and Pattern Recognition},
pages={14453--14463},
year={2023}
}

@inproceedings{lu2023minddiffuser,
  title={MindDiffuser: Controlled Image Reconstruction from Human Brain Activity with Semantic and Structural Diffusion},
  author={Lu, Yizhuo and Du, Changde and Zhou, Qiongyi and Wang, Dianpeng and He, Huiguang},
  booktitle={Proceedings of the 31st ACM International Conference on Multimedia},
  pages={5899--5908},
  year={2023}
}


@inproceedings{ni2023natural,
  title={Natural Image Reconstruction from fMRI Based on Self-supervised Representation Learning and Latent Diffusion Model},
  author={Ni, Pengyu and Zhang, Yifeng},
  booktitle={Proceedings of the 15th International Conference on Digital Image Processing},
  pages={1--9},
  year={2023}
}


@article{takagi2023improving,
  title={Improving visual image reconstruction from human brain activity using latent diffusion models via multiple decoded inputs},
  author={Takagi, Yu and Nishimoto, Shinji},
  journal={arXiv preprint arXiv:2306.11536},
  year={2023}
}


@article{bai2023dreamdiffusion,
title={Dreamdiffusion: Generating high-quality images from brain eeg signals},
author={Bai, Yunpeng and Wang, Xintao and Cao, Yan-pei and Ge, Yixiao and Yuan, Chun and Shan, Ying},
journal={arXiv preprint arXiv:2306.16934},
year={2023}
}



@inproceedings{xu2023versatile,
  title={Versatile diffusion: Text, images and variations all in one diffusion model},
  author={Xu, Xingqian and Wang, Zhangyang and Zhang, Gong and Wang, Kai and Shi, Humphrey},
  booktitle={Proceedings of the IEEE/CVF International Conference on Computer Vision},
  pages={7754--7765},
  year={2023}
}


@article{tuo2023anytext,
  title={AnyText: Multilingual Visual Text Generation And Editing},
  author={Tuo, Yuxiang and Xiang, Wangmeng and He, Jun-Yan and Geng, Yifeng and Xie, Xuansong},
  journal={arXiv preprint arXiv:2311.03054},
  year={2023}
}


@article{chen2023textdiffuser2,
  title={TextDiffuser-2: Unleashing the Power of Language Models for Text Rendering},
  author={Chen, Jingye and Huang, Yupan and Lv, Tengchao and Cui, Lei and Chen, Qifeng and Wei, Furu},
  journal={arXiv preprint arXiv:2311.16465},
  year={2023}
}


@article{zhao2023udifftext,
  title={UDiffText: A Unified Framework for High-quality Text Synthesis in Arbitrary Images via Character-aware Diffusion Models},
  author={Zhao, Yiming and Lian, Zhouhui},
  journal={arXiv preprint arXiv:2312.04884},
  year={2023}
}


@article{ma2023glyphdraw,
  title={GlyphDraw: Learning to Draw Chinese Characters in Image Synthesis Models Coherently},
  author={Ma, Jian and Zhao, Mingjun and Chen, Chen and Wang, Ruichen and Niu, Di and Lu, Haonan and Lin, Xiaodong},
  journal={arXiv preprint arXiv:2303.17870},
  year={2023}
}


@article{liu2022character,
  title={Character-aware models improve visual text rendering},
  author={Liu, Rosanne and Garrette, Dan and Saharia, Chitwan and Chan, William and Roberts, Adam and Narang, Sharan and Blok, Irina and Mical, RJ and Norouzi, Mohammad and Constant, Noah},
  journal={arXiv preprint arXiv:2212.10562},
  year={2022}
}


@article{yang2023glyphcontrol,
  title={GlyphControl: Glyph Conditional Control for Visual Text Generation},
  author={Yang, Yukang and Gui, Dongnan and Yuan, Yuhui and Ding, Haisong and Hu, Han and Chen, Kai},
  journal={arXiv preprint arXiv:2305.18259},
  year={2023}
}


@article{qin2023gluegen,
title={GlueGen: Plug and Play Multi-modal Encoders for X-to-image Generation},
author={Qin, Can and Yu, Ning and Xing, Chen and Zhang, Shu and Chen, Zeyuan and Ermon, Stefano and Fu, Yun and Xiong, Caiming and Xu, Ran},
journal={arXiv preprint arXiv:2303.10056},
year={2023}
}


@article{ramesh2022hierarchical,
  title={Hierarchical text-conditional image generation with clip latents},
  author={Ramesh, Aditya and Dhariwal, Prafulla and Nichol, Alex and Chu, Casey and Chen, Mark},
  journal={arXiv preprint arXiv:2204.06125},
  volume={1},
  number={2},
  pages={3},
  year={2022}
}


@article{chen2023improving,
title={Improving In-Context Learning in Diffusion Models with Visual Context-Modulated Prompts},
author={Chen, Tianqi and Liu, Yongfei and Wang, Zhendong and Yuan, Jianbo and You, Quanzeng and Yang, Hongxia and Zhou, Mingyuan},
journal={arXiv preprint arXiv:2312.01408},
year={2023}
}

@article{pan2023kosmos,
  title={Kosmos-g: Generating images in context with multimodal large language models},
  author={Pan, Xichen and Dong, Li and Huang, Shaohan and Peng, Zhiliang and Chen, Wenhu and Wei, Furu},
  journal={arXiv preprint arXiv:2310.02992},
  year={2023}
}



@article{Ozcelik2023NaturalSR,
title={Natural scene reconstruction from fMRI signals using generative latent diffusion},
author={Furkan Ozcelik and Rufin VanRullen},
journal={Scientific Reports},
year={2023},
volume={13},
url={https://api.semanticscholar.org/CorpusID:260439960}
}

@article{najdenkoska2023context,
title={Context Diffusion: In-Context Aware Image Generation},
author={Najdenkoska, Ivona and Sinha, Animesh and Dubey, Abhimanyu and Mahajan, Dhruv and Ramanathan, Vignesh and Radenovic, Filip},
journal={arXiv preprint arXiv:2312.03584},
year={2023}
}


@article{ho2022classifier,
  title={Classifier-free diffusion guidance},
  author={Ho, Jonathan and Salimans, Tim},
  journal={arXiv preprint arXiv:2207.12598},
  year={2022}
}

@article{wang2024instantid,
  title={InstantID: Zero-shot Identity-Preserving Generation in Seconds},
  author={Wang, Qixun and Bai, Xu and Wang, Haofan and Qin, Zekui and Chen, Anthony},
  journal={arXiv preprint arXiv:2401.07519},
  year={2024}
}

@article{loshchilov2017decoupled,
  title={Decoupled weight decay regularization},
  author={Loshchilov, Ilya and Hutter, Frank},
  journal={arXiv preprint arXiv:1711.05101},
  year={2017}
}


@article{esser2020taming,
  author = {P.~Esser et~al.},
  title = {Taming transformers for high-resolution image synthesis.},
  journal = {arXiv},
  year = {2012}
}



@article{mildenhall2020nerf,
  author = {B.~Mildenhall et~al.},
  title = {Nerf: Representing scenes as neural radiance fields for vi},
  journal = {},
  year = {}
}

@article{isola2017image,
  author = {P.~Isola et~al.},
  title = {Image-to-image translation with conditional adversarial networks.},
  journal = {CVPR},
  year = {2017}
}

@article{park2019semantic,
  author = {T.~Park et~al.},
  title = {Semantic image synthesis with spatially-adaptive normalization.},
  journal = {CVPR},
  year = {2019}
}

@article{lee2020maskgan,
  author = {C.-H. Lee et~al.},
  title = {Maskgan: Towards diverse and interactive facial image manipulation.},
  journal = {CVPR},
  year = {2020}
}



@article{cheng2023layoutdiffuse,
  author = {J.~Cheng et~al.},
  title = {Layoutdiffuse: Adapting foundational diffusion models for},
  journal = {},
  year = {}
}



@article{poole2023dreamfusion,
  author = {B.~Poole et~al.},
  title = {Dreamfusion: Text-to-3d using 2d diffusion.},
  journal = {ICLR},
  year = {2023}
}

@article{singer2022make,
  author = {U.~Singer et~al.},
  title = {Make-a-video: Text-to-video generation without text-video data.},
  journal = {arXiv},
  year = {2209}
}

@article{guo2021ad,
  author = {Y.~Guo et~al.},
  title = {Ad-nerf: Audio driven neural radiance fields for talking head},
  journal = {},
  year = {}
}

@article{li2019pastegan,
  author = {Y.~Li et~al.},
  title = {Pastegan: A semi-parametric method to generate image from s},
  journal = {},
  year = {}
}

@article{takagi2023improving,
  author = {Y.~Takagi and S.~Nishimoto.},
  title = {Improving visual image reconstruction from human brain activity using},
  journal = {},
  year = {}
}

@article{pan2023drag,
  author = {X.~Pan et~al.},
  title = {Drag your gan: Interactive point-based manipulation on the generativ},
  journal = {},
  year = {}
}

@article{mansimov2015generating,
  author = {E.~Mansimov et~al.},
  title = {Generating images from captions with attention.},
  journal = {arXiv},
  year = {1511}
}

@article{mirza2014conditional,
  author = {M.~Mirza and S.~Osindero.},
  title = {Conditional generative adversarial nets.},
  journal = {arXiv},
  year = {}
}

@article{shrivastava2017learning,
  author = {A.~Shrivastava et~al.},
  title = {Learning from simulated and unsupervised images through adversaria},
  journal = {},
  year = {}
}

@article{chung2017you,
  author = {J.~S. Chung et~al.},
  title = {You said that?},
  journal = {arXiv},
  year = {1705}
}



@article{song2020score,
  author = {Y.~Song et~al.},
  title = {Score-based generative modeling through stochastic differentia},
  journal = {},
  year = {}
}

@article{jolicoeur2020adversarial,
  author = {A.~Jolicoeur-Martineau et~al.},
  title = {Adversarial score matching and improved sampling for imag},
  journal = {},
  year = {}
}



@article{zhou2021lafite,
  author = {Y.~Zhou et~al.},
  title = {Lafite: Towards language-free training for text-to-image generation.},
  journal = {arXiv},
  year = {2111}
}



@article{xia2021tedigan,
  author = {W.~Xia et~al.},
  title = {Tedigan: Text-guided diverse face image generation and manipulation.},
  journal = {CVPR},
  year = {2021}
}

@article{patashnik2021styleclip,
  author = {O.~Patashnik et~al.},
  title = {Styleclip: Text-driven manipulation of stylegan imagery.},
  journal = {ICCV},
  year = {2021}
}

@article{xia2022gan,
  author = {W.~Xia et~al.},
  title = {Gan inversion: A survey.},
  journal = {TPAMI},
  year = {2022}
}

@article{zhu2020domain,
  author = {J.~Zhu et~al.},
  title = {In-domain gan inversion for real image editing.},
  journal = {ECCV},
  year = {2020}
}

@article{liu2021more,
  author = {X.~Liu et~al.},
  title = {More control for free! image synthesis with semantic diffusi},
  journal = {},
  year = {}
}

@article{kim2021diffusionclip,
  author = {G.~Kim and J.~C. Ye.},
  title = {Diffusionclip: Text-guided image manipulation using diffusion models.},
  journal = {arXiv},
  year = {2110}
}

@article{hertz2022prompt,
  author = {A.~Hertz et~al.},
  title = {Prompt-to-prompt image editing with cross attention control.},
  journal = {arXiv},
  year = {2208}
}

@article{ruiz2022dreambooth,
  author = {N.~Ruiz et~al.},
  title = {Dreambooth: Fine tuning text-to-image diffusion models for},
  journal = {},
  year = {}
}


@article{vaswani2017attention,
  author = {A.~Vaswani et~al.},
  title = {Attention is all you need.},
  journal = {NeurIPS},
  year = {2017}
}

@article{radford2019language,
  author = {A.~Radford et~al.},
  title = {Language models are unsupervised multitask learners.},
  journal = {OpenAI blog},
  year = {2019}
}

@article{chen2020generative,
  author = {M.~Chen et~al.},
  title = {Generative pretraining from pixels.},
  journal = {ICML},
  year = {2020}
}

@article{dhariwal2020jukebox,
  author = {P.~Dhariwal et~al.},
  title = {Jukebox: A generative model for music.},
  journal = {arXiv},
  year = {2005}
}

@article{gregor2014deep,
  author = {K.~Gregor et~al.},
  title = {Deep autoregressive networks.},
  journal = {ICML},
  year = {2014}
}

@article{oord2017neural,
  author = {A.~v.~d. Oord et~al.},
  title = {Neural discrete representation learning.},
  journal = {arXiv},
  year = {1711}
}

@article{ramesh2021dalle,
  author = {A.~Ramesh et~al.},
  title = {{DALL·E}: Creating images from text.},
  journal = {},
  year = {}
}

@article{wu2021nuwa,
  author = {C.~Wu et~al.},
  title = {NÜwa: Visual synthesis pre-training for neural visual world},
  journal = {},
  year = {}
}


@article{lin2022magic3d,
  author = {C.-H. Lin et~al.},
  title = {Magic3d: High-resolution text-to-3d content creation.},
  journal = {arXiv},
  year = {2211}
}

@article{sun2022ide,
  author = {J.~Sun et~al.},
  title = {Ide-3d: Interactive disentangled editing for high-resolution 3d-awar},
  journal = {},
  year = {}
}

@article{deng20233d,
  author = {K.~Deng et~al.},
  title = {3d-aware conditional image synthesis.},
  journal = {CVPR},
  year = {2023}
}

@article{wang2018high,
  author = {T.-C. Wang et~al.},
  title = {High-resolution image synthesis and semantic manipulation with},
  journal = {},
  year = {}
}

@article{lee2018diverse,
  author = {H.-Y. Lee et~al.},
  title = {Diverse image-to-image translation via disentangled representations.},
  journal = {ECCV},
  year = {2018}
}

@article{sushko2020you,
  author = {V.~Sushko et~al.},
  title = {You only need adversarial supervision for semantic image synthesis.},
  journal = {arXiv},
  year = {2012}
}

@article{zhang2017stackgan,
  author = {H.~Zhang et~al.},
  title = {{StackGAN}: Text to photo-realistic image synthesis with stacked},
  journal = {},
  year = {}
}

@article{xu2018attngan,
  author = {T.~Xu et~al.},
  title = {Attngan: Fine-grained text to image generation with attentiona},
  journal = {},
  year = {}
}

@article{qiao2019mirrorgan,
  author = {T.~Qiao et~al.},
  title = {Mirrorgan: Learning text-to-image generation by redescription.},
  journal = {CVPR},
  year = {2019}
}



@article{prajwal2020lip,
  author = {K.~Prajwal et~al.},
  title = {A lip sync expert is all you need for speech to lip generation in th},
  journal = {},
  year = {}
}

@article{zhou2020makelttalk,
  author = {Y.~Zhou et~al.},
  title = {Makelttalk: speaker-aware talking-head animation.},
  journal = {TOG},
  year = {2020}
}

@article{zhou2021pose,
  author = {H.~Zhou et~al.},
  title = {Pose-controllable talking face generation by implicitly modularized},
  journal = {},
  year = {}
}

@article{park2022synctalkface,
  author = {S.~J. Park et~al.},
  title = {Synctalkface: Talking face generation with precise lip-syncing via},
  journal = {},
  year = {}
}

@article{wang2022semantic,
  author = {W.~Wang et~al.},
  title = {Semantic image synthesis via diffusion models.},
  journal = {arXiv},
  year = {2207}
}

@article{qin2023unicontrol,
  author = {C.~Qin et~al.},
  title = {Unicontrol: A unified diffusion model for controllable visua},
  journal = {},
  year = {}
}

@article{brooks2023instructpix2pix,
  author = {T.~Brooks et~al.},
  title = {Instructpix2pix: Learning to follow image editing instructions.},
  journal = {CVPR},
  year = {2023}
}

@article{shen2023difftalk,
  author = {S.~Shen et~al.},
  title = {Difftalk: Crafting diffusion models for generalized audio-driv},
  journal = {},
  year = {}
}

@article{tseng2023edge,
  author = {J.~Tseng et~al.},
  title = {Edge: Editable dance generation from music.},
  journal = {CVPR},
  year = {2023}
}

@article{ruan2023mm,
  author = {L.~Ruan et~al.},
  title = {Mm-diffusion: Learning multi-modal diffusion models for joint audi},
  journal = {},
  year = {}
}

@article{yang2022diffusion,
  author = {L.~Yang et~al.},
  title = {Diffusion-based scene graph to image generation with masked},
  journal = {},
  year = {}
}

@article{kim2022instaformer,
  author = {S.~Kim et~al.},
  title = {Instaformer: Instance-aware image-to-image translation with},
  journal = {},
  year = {}
}

@article{ding2021cogview,
  author = {M.~Ding et~al.},
  title = {Cogview: Mastering text-to-image generation via transformers.},
  journal = {arXiv},
  year = {2105}
}



@article{lu2021live,
  author = {Y.~Lu et~al.},
  title = {Live speech portraits: real-time photorealistic talking-head},
  journal = {},
  year = {}
}

@article{li2021ai,
  author = {R.~Li et~al.},
  title = {Ai choreographer: Music conditioned 3d dance generation with aist++.},
  journal = {ICCV},
  year = {2021}
}

@article{siyao2022bailando,
  author = {L.~Siyao et~al.},
  title = {Bailando: 3d dance generation by actor-critic gpt with choreographi},
  journal = {},
  year = {}
}

@article{yin2023or,
  author = {Y.~Yin et~al.},
  title = {Or-nerf: Object removing from 3d scenes guided by multivi},
  journal = {},
  year = {}
}

@article{mikaeili2023sked,
  author = {A.~Mikaeili et~al.},
  title = {Sked: Sketch-guided text-based 3d editing.},
  journal = {arXiv},
  year = {2303}
}

@article{bao2023sine,
  author = {C.~Bao et~al.},
  title = {Sine: Semantic-driven image-based nerf editing with prior-guided},
  journal = {},
  year = {}
}

@article{weder2023removing,
  author = {S.~Weder et~al.},
  title = {Removing objects from neural radiance fields.},
  journal = {CVPR},
  year = {2023}
}

@article{xu2022sinnerf,
  author = {D.~Xu et~al.},
  title = {Sinnerf: Training neural radiance fields on complex scenes from a},
  journal = {},
  year = {}
}

@article{hyung2023local,
  author = {J.~Hyung et~al.},
  title = {Local 3d editing via 3d distillation of clip knowledge.},
  journal = {CVPR},
  year = {2023}
}

@article{wang2022clip,
  author = {C.~Wang et~al.},
  title = {Clip-nerf: Text-and-image driven manipulation of neural radia},
  journal = {},
  year = {}
}

@article{wang2023prolificdreamer,
  author = {Z.~Wang et~al.},
  title = {Prolificdreamer: High-fidelity and diverse text-to-3d generation with},
  journal = {},
  year = {}
}

@article{ye2023geneface,
  author = {Z.~Ye et~al.},
  title = {Geneface: Generalized and high-fidelity audio-driven 3d talking fa},
  journal = {},
  year = {}
}

@article{ye2023geneface++,
  author = {Z.~Ye et~al.},
  title = {Geneface++: Generalized and stable real-time audio-driven 3d talking},
  journal = {},
  year = {}
}

@article{shen2022learning,
  author = {S.~Shen et~al.},
  title = {Learning dynamic facial radiance fields for few-shot talking head},
  journal = {},
  year = {}
}

@article{liu2022semantic,
  author = {X.~Liu et~al.},
  title = {Semantic-aware implicit neural audio-driven video portrait},
  journal = {},
  year = {}
}

@article{ma2017pose,
  author = {L.~Ma et~al.},
  title = {Pose guided person image generation.},
  journal = {arXiv},
  year = {1705}
}

@article{men2020controllable,
  author = {Y.~Men et~al.},
  title = {Controllable person image synthesis with attribute-decomposed gan.},
  journal = {CVPR},
  year = {2020}
}

@article{zhang2021deep,
  author = {C.~Zhang et~al.},
  title = {Deep monocular 3d human pose estimation via cascaded},
  journal = {},
  year = {}
}

@article{zhu2017toward,
  author = {J.-Y. Zhu et~al.},
  title = {Toward multimodal image-to-image translation.},
  journal = {NeurIPS},
  year = {2017}
}

@article{gao2020sketchycoco,
  author = {C.~Gao et~al.},
  title = {Sketchycoco: Image generation from freehand scene sketches.},
  journal = {CVPR},
  year = {2020}
}

@article{chen2018sketchygan,
  author = {W.~Chen and J.~Hays.},
  title = {Sketchygan: Towards diverse and realistic sketch to image synthesis.},
  journal = {CVPR},
  year = {2018}
}

@article{chen2020deepfacedrawing,
  author = {S.-Y. Chen et~al.},
  title = {Deepfacedrawing: Deep generation of face images from sketches.},
  journal = {TOG},
  year = {2020}
}

@article{zhu2019deep,
  author = {M.~Zhu et~al.},
  title = {A deep collaborative framework for face photo--sketch synthesis.},
  journal = {TNNLS},
  year = {2019}
}

@article{zhu2021learning,
  author = {M.~Zhu et~al.},
  title = {Learning deep patch representation for probabilistic graphica},
  journal = {},
  year = {}
}

@article{zhu2020knowledge,
  author = {M.~Zhu et~al.},
  title = {Knowledge distillation for face photo--sketch synthesis.},
  journal = {TNNLS},
  year = {2020}
}

@article{li2020staged,
  author = {Z.~Li et~al.},
  title = {Staged sketch-to-image synthesis via semi-supervised generativ},
  journal = {},
  year = {}
}

@article{sun2019lostgan,
  author = {W.~Sun and T.~Wu.},
  title = {Image synthesis from reconfigurable layout and style.},
  journal = {ICCV},
  year = {2019}
}

@article{zhao2019layout2im,
  author = {B.~Zhao et~al.},
  title = {Image generation from layout.},
  journal = {CVPR},
  year = {2019}
}

@article{li2020bachgan,
  author = {Y.~Li et~al.},
  title = {Bachgan: High-resolution image synthesis from salient object layout.},
  journal = {CVPR},
  year = {2020}
}

@article{li2021image,
  author = {Z.~Li et~al.},
  title = {Image synthesis from layout with locality-aware mask adaption.},
  journal = {ICCV},
  year = {2021}
}

@article{frolov2021attrlostgan,
  author = {S.~Frolov et~al.},
  title = {Attrlostgan: Attribute controlled image synthesis from reconfigura},
  journal = {},
  year = {}
}

@article{koh2021text,
  author = {J.~Y. Koh et~al.},
  title = {Text-to-image generation grounded by fine-grained user attention.},
  journal = {WACV},
  year = {2021}
}

@article{zhan2022bi,
  author = {F.~Zhan et~al.},
  title = {Bi-level feature alignment for versatile image translation and},
  journal = {},
  year = {}
}

@article{zheng2022semantic,
  author = {H.~Zheng et~al.},
  title = {Semantic layout manipulation with high-resolution sparse attention.},
  journal = {TPAMI},
  year = {2022}
}

@article{zhang2018stackgan++,
  author = {H.~Zhang et~al.},
  title = {Stackgan++: Realistic image synthesis with stacked generativ},
  journal = {},
  year = {}
}

@article{reed2016generative,
  author = {S.~Reed et~al.},
  title = {Generative adversarial text to image synthesis.},
  journal = {ICML},
  year = {2016}
}

@article{frolov2021adversarial,
  author = {S.~Frolov et~al.},
  title = {Adversarial text-to-image synthesis: A review.},
  journal = {NN},
  year = {2021}
}

@article{mikolov2013distributed,
  author = {T.~Mikolov et~al.},
  title = {Distributed representations of words and phrases and their},
  journal = {},
  year = {}
}

@article{harris1954distributional,
  author = {Z.~S. Harris.},
  title = {Distributional structure.},
  journal = {Word},
  year = {1954}
}

@article{wang2021faces,
  author = {T.~Wang et~al.},
  title = {Faces {\`a} la carte: Text-to-face generation via attribut},
  journal = {},
  year = {}
}

@article{pavllo2020controlling,
  author = {D.~Pavllo et~al.},
  title = {Controlling style and semantics in weakly-supervised imag},
  journal = {},
  year = {}
}

@article{devlin2018bert,
  author = {J.~Devlin et~al.},
  title = {Bert: Pre-training of deep bidirectional transformers for languag},
  journal = {},
  year = {}
}

@article{harwath2017learning,
  author = {D.~Harwath and J.~R. Glass.},
  title = {Learning word-like units from joint audio-visual analysis.},
  journal = {arXiv},
  year = {1701}
}

@article{harwath2018vision,
  author = {D.~Harwath et~al.},
  title = {Vision as an interlingua: Learning multilingual semantic embeddings},
  journal = {},
  year = {}
}

@article{li2020direct,
  author = {J.~Li et~al.},
  title = {Direct speech-to-image translation.},
  journal = {JSTSP},
  year = {2020}
}

@article{aytar2016soundnet,
  author = {Y.~Aytar et~al.},
  title = {Soundnet: Learning sound representations from unlabeled video.},
  journal = {NeurIPS},
  year = {2016}
}

@article{chen2019hierarchical,
  author = {L.~Chen et~al.},
  title = {Hierarchical cross-modal talking face generation with dynami},
  journal = {},
  year = {}
}

@article{hochreiter1997long,
  author = {S.~Hochreiter and J.~Schmidhuber.},
  title = {Long short-term memory.},
  journal = {Neural computation},
  year = {1997}
}

@article{owens2016visually,
  author = {A.~Owens et~al.},
  title = {Visually indicated sounds.},
  journal = {CVPR},
  year = {2016}
}

@article{song2018talking,
  author = {Y.~Song et~al.},
  title = {Talking face generation by conditional recurrent adversarial network.},
  journal = {arXiv},
  year = {1804}
}

@article{ekman2002facial,
  author = {P.~Ekman et~al.},
  title = {Facial action coding system (facs) a human face.},
  journal = {Salt Lake City},
  year = {2002}
}

@article{johnson2018image,
  author = {J.~Johnson et~al.},
  title = {Image generation from scene graphs.},
  journal = {CVPR},
  year = {2018}
}

@article{vo2020visual,
  author = {D.~M. Vo and A.~Sugimoto.},
  title = {Visual-relation conscious image generation from structured-text.},
  journal = {ECCV},
  year = {2020}
}

@article{shi2015convolutional,
  author = {X.~Shi et~al.},
  title = {Convolutional lstm network: A machine learning approach for},
  journal = {},
  year = {}
}

@article{fang2020reconstructing,
  author = {T.~Fang et~al.},
  title = {Reconstructing perceptive images from brain activity by},
  journal = {},
  year = {}
}

@article{lin2022mind,
  author = {S.~Lin et~al.},
  title = {Mind reader: Reconstructing complex images from brain activities.},
  journal = {arXiv},
  year = {2210}
}

@article{takagi2022high,
  author = {Y.~Takagi and S.~Nishimoto.},
  title = {High-resolution image reconstruction with latent diffusion models},
  journal = {},
  year = {}
}

@article{yang2020upgrading,
  author = {G.~Yang and D.~Ramanan.},
  title = {Upgrading optical flow to 3d scene flow through optical expansion.},
  journal = {CVPR},
  year = {2020}
}

@article{endo2022user,
  author = {Y.~Endo.},
  title = {User-controllable latent transformer for stylegan image layout},
  journal = {},
  year = {}
}

@article{tang2019multi,
  author = {H.~Tang et~al.},
  title = {Multi-channel attention selection gan with cascaded semantic guida},
  journal = {},
  year = {}
}

@article{zhang2020cross,
  author = {P.~Zhang et~al.},
  title = {Cross-domain correspondence learning for exemplar-based imag},
  journal = {},
  year = {}
}

@article{zhan2021unite,
  author = {F.~Zhan et~al.},
  title = {Unbalanced feature transport for exemplar-based image translation.},
  journal = {CVPR},
  year = {2021}
}

@article{zhu2020sean,
  author = {P.~Zhu et~al.},
  title = {Sean: Image synthesis with semantic region-adaptive normalization.},
  journal = {CVPR},
  year = {2020}
}

@article{tan2019semantics,
  author = {H.~Tan et~al.},
  title = {Semantics-enhanced adversarial nets for text-to-image synthesis.},
  journal = {ICCV},
  year = {2019}
}

@article{li2019controllable,
  author = {B.~Li et~al.},
  title = {Controllable text-to-image generation.},
  journal = {arXiv},
  year = {1909}
}

@article{zhu2019dm,
  author = {M.~Zhu et~al.},
  title = {Dm-gan: Dynamic memory generative adversarial networks for},
  journal = {},
  year = {}
}

@article{blanz1999morphable,
  author = {V.~Blanz et~al.},
  title = {A morphable model for the synthesis of 3d faces.},
  journal = {Siggraph},
  year = {1999}
}

@article{chen2020talking,
  author = {L.~Chen et~al.},
  title = {Talking-head generation with rhythmic head motion.},
  journal = {ECCV},
  year = {2020}
}

@article{zhou2019talking,
  author = {H.~Zhou et~al.},
  title = {Talking face generation by adversarially disentangled audio-visua},
  journal = {},
  year = {}
}

@article{suwajanakorn2017synthesizing,
  author = {S.~Suwajanakorn et~al.},
  title = {Synthesizing obama: learning lip sync from audio.},
  journal = {TOG},
  year = {2017}
}

@article{wang2021one,
  author = {S.~Wang et~al.},
  title = {One-shot talking face generation from single-speaker audio-visua},
  journal = {},
  year = {}
}


@article{karras2017progressive,
  author = {T.~Karras et~al.},
  title = {Progressive growing of gans for improved quality, stability, and},
  journal = {},
  year = {}
}

@article{zhang2018photographic,
  author = {Z.~Zhang et~al.},
  title = {Photographic text-to-image synthesis with a hierarchically-nested},
  journal = {},
  year = {}
}

@article{yin2019semantics,
  author = {G.~Yin et~al.},
  title = {Semantics disentangling for text-to-image generation.},
  journal = {CVPR},
  year = {2019}
}

@article{cha2019adversarial,
  author = {M.~Cha et~al.},
  title = {Adversarial learning of semantic relevance in text to imag},
  journal = {},
  year = {}
}

@article{amodio2019travelgan,
  author = {M.~Amodio and S.~Krishnaswamy.},
  title = {Travelgan: Image-to-image translation by transformation vector},
  journal = {},
  year = {}
}

@article{zhu2017unpaired,
  author = {J.-Y. Zhu et~al.},
  title = {Unpaired image-to-image translation using cycle-consistent},
  journal = {},
  year = {}
}

@article{tang2019cycle,
  author = {H.~Tang et~al.},
  title = {Cycle in cycle generative adversarial networks for keypoint-guided},
  journal = {},
  year = {}
}

@article{lao2019dual,
  author = {Q.~Lao et~al.},
  title = {Dual adversarial inference for text-to-image synthesis.},
  journal = {ICCV},
  year = {2019}
}

@article{chen2019cycle,
  author = {Z.~Chen and Y.~Luo.},
  title = {Cycle-consistent diverse image synthesis from natural language.},
  journal = {ICMEW},
  year = {2019}
}

@article{nguyen2017plug,
  author = {A.~Nguyen et~al.},
  title = {Plug \& play generative networks: Conditional iterative generation of},
  journal = {},
  year = {}
}

@article{johnson2016perceptual,
  author = {J.~Johnson et~al.},
  title = {Perceptual losses for real-time style transfer and super-resolution.},
  journal = {ECCV},
  year = {2016}
}

@article{wang2018perceptual,
  author = {C.~Wang et~al.},
  title = {Perceptual adversarial networks for image-to-image transformation.},
  journal = {TIP},
  year = {2018}
}

@article{benaim2017one,
  author = {S.~Benaim and L.~Wolf.},
  title = {One-sided unsupervised domain mapping.},
  journal = {NeurIPS},
  year = {2017}
}

@article{fu2019geometry,
  author = {H.~Fu et~al.},
  title = {Geometry-consistent generative adversarial networks for one-sided},
  journal = {},
  year = {}
}

@article{oord2018representation,
  author = {A.~v.~d. Oord et~al.},
  title = {Representation learning with contrastive predictive coding.},
  journal = {arXiv},
  year = {1807}
}

@article{park2020contrastive,
  author = {T.~Park et~al.},
  title = {Contrastive learning for unpaired image-to-image translation.},
  journal = {ECCV},
  year = {2020}
}

@article{andonian2021contrastive,
  author = {A.~Andonian et~al.},
  title = {Contrastive feature loss for image prediction.},
  journal = {ICCV},
  year = {2021}
}

@article{zhang2021cross,
  author = {H.~Zhang et~al.},
  title = {Cross-modal contrastive learning for text-to-image generation.},
  journal = {CVPR},
  year = {2021}
}

@article{brock2018large,
  author = {A.~Brock et~al.},
  title = {Large scale gan training for high fidelity natural image synthesis.},
  journal = {arXiv},
  year = {1809}
}

@article{zhang2018unreasonable,
  author = {R.~Zhang et~al.},
  title = {The unreasonable effectiveness of deep features as a perceptua},
  journal = {},
  year = {}
}

@article{richardson2020encoding,
  author = {E.~Richardson et~al.},
  title = {Encoding in style: a stylegan encoder for image-to-image translation.},
  journal = {arXiv},
  year = {2008}
}

@article{wang2021cycle,
  author = {H.~Wang et~al.},
  title = {Cycle-consistent inverse gan for text-to-image synthesis.},
  journal = {MM},
  year = {2021}
}

@article{jiang2021talk,
  author = {Y.~Jiang et~al.},
  title = {Talk-to-edit: Fine-grained facial editing via dialog.},
  journal = {ICCV},
  year = {2021}
}

@article{bau2021paint,
  author = {D.~Bau et~al.},
  title = {Paint by word.},
  journal = {arXiv},
  year = {2103}
}

@article{kocasari2021stylemc,
  author = {U.~Kocasari et~al.},
  title = {Stylemc: Multi-channel based fast text-guided image generation and},
  journal = {},
  year = {}
}

@article{liu2021fusedream,
  author = {X.~Liu et~al.},
  title = {Fusedream: Training-free text-to-image generation with improved clip+},
  journal = {},
  year = {}
}

@article{gal2021stylegan,
  author = {R.~Gal et~al.},
  title = {Stylegan-nada: Clip-guided domain adaptation of image generators.},
  journal = {arXiv},
  year = {2108}
}

@article{yu2022towards,
  author = {Y.~Yu et~al.},
  title = {Towards counterfactual image manipulation via clip.},
  journal = {arXiv},
  year = {2207}
}

@article{sohl2015deep,
  author = {J.~Sohl-Dickstein et~al.},
  title = {Deep unsupervised learning using nonequilibrium thermodynamics.},
  journal = {ICML},
  year = {2015}
}



@article{rezende2015variational,
  author = {D.~Rezende and S.~Mohamed.},
  title = {Variational inference with normalizing flows.},
  journal = {ICML},
  year = {2015}
}

@article{dinh2016density,
  author = {L.~Dinh et~al.},
  title = {Density estimation using real nvp.},
  journal = {arXiv},
  year = {1605}
}

@article{menick2018generating,
  author = {J.~Menick and N.~Kalchbrenner.},
  title = {Generating high fidelity images with subscale pixel networks and},
  journal = {},
  year = {}
}

@article{van2016pixel,
  author = {A.~Van~Oord et~al.},
  title = {Pixel recurrent neural networks.},
  journal = {ICML},
  year = {2016}
}



@article{kawar2022imagic,
  author = {B.~Kawar et~al.},
  title = {Imagic: Text-based real image editing with diffusion models.},
  journal = {arXiv},
  year = {2210}
}




@article{gu2021vector,
  author = {S.~Gu et~al.},
  title = {Vector quantized diffusion model for text-to-image synthesis.},
  journal = {arXiv},
  year = {2111}
}

@article{tang2022improved,
  author = {Z.~Tang et~al.},
  title = {Improved vector quantized diffusion models.},
  journal = {arXiv},
  year = {2205}
}

@article{chahal2022exploring,
  author = {P.~Chahal.},
  title = {Exploring transformer backbones for image diffusion models.},
  journal = {arXiv},
  year = {2212}
}

@article{jiang2022text2human,
  author = {Y.~Jiang et~al.},
  title = {Text2human: Text-driven controllable human image generation.},
  journal = {TOG},
  year = {2022}
}

@article{liu2022compositional,
  author = {N.~Liu et~al.},
  title = {Compositional visual generation with composable diffusion models.},
  journal = {arXiv},
  year = {2206}
}

@article{bar2023multidiffusion,
  author = {O.~Bar-Tal et~al.},
  title = {Multidiffusion: Fusing diffusion paths for controlled imag},
  journal = {},
  year = {}
}

@article{blattmann2022retrieval,
  author = {A.~Blattmann et~al.},
  title = {Retrieval-augmented diffusion models.},
  journal = {arXiv},
  year = {2204}
}

@article{avrahami2021blended,
  author = {O.~Avrahami et~al.},
  title = {Blended diffusion for text-driven editing of natural images.},
  journal = {arXiv},
  year = {2111}
}

@article{zhang2022sine,
  author = {Z.~Zhang et~al.},
  title = {Sine: Single image editing with text-to-image diffusion models.},
  journal = {arXiv},
  year = {2212}
}

@article{zhan2022auto,
  author = {F.~Zhan et~al.},
  title = {Auto-regressive image synthesis with integrated quantization.},
  journal = {ECCV},
  year = {2022}
}

@article{esser2021imagebart,
  author = {P.~Esser et~al.},
  title = {Imagebart: Bidirectional context with multinomial diffusion for},
  journal = {},
  year = {}
}

@article{rolfe2016discrete,
  author = {J.~T. Rolfe.},
  title = {Discrete variational autoencoders.},
  journal = {arXiv},
  year = {1609}
}

@article{bengio2013estimating,
  author = {Y.~Bengio et~al.},
  title = {Estimating or propagating gradients through stochastic neurons for},
  journal = {},
  year = {}
}

@article{yu2021vector,
  author = {J.~Yu et~al.},
  title = {Vector-quantized image modeling with improved vqgan.},
  journal = {arXiv},
  year = {2110}
}

@article{shin2021translation,
  author = {W.~Shin et~al.},
  title = {Translation-equivariant image quantizer for bi-directional image-text},
  journal = {},
  year = {}
}

@article{lamb2016discriminative,
  author = {A.~Lamb et~al.},
  title = {Discriminative regularization for generative models.},
  journal = {arXiv},
  year = {1602}
}

@article{larsen2016autoencoding,
  author = {A.~B.~L. Larsen et~al.},
  title = {Autoencoding beyond pixels using a learned similarity metric.},
  journal = {ICML},
  year = {2016}
}

@article{dong2021peco,
  author = {X.~Dong et~al.},
  title = {Peco: Perceptual codebook for bert pre-training of visi},
  journal = {},
  year = {}
}

@article{bao2021beit,
  author = {H.~Bao et~al.},
  title = {Beit: Bert pre-training of image transformers.},
  journal = {arXiv},
  year = {2106}
}


@article{shi2022divae,
  author = {J.~Shi et~al.},
  title = {Divae: Photorealistic images synthesis with denoising diffusi},
  journal = {},
  year = {}
}

@article{ni2022n,
  author = {M.~Ni et~al.},
  title = {NÜwa-lip: Language guided image inpainting with defect-free vqgan.},
  journal = {arXiv},
  year = {2202}
}

@article{razavi2019generating,
  author = {A.~Razavi et~al.},
  title = {Generating diverse high-fidelity images with vq-vae-2.},
  journal = {NeurISP},
  year = {2019}
}

@article{lee2022autoregressive,
  author = {D.~Lee et~al.},
  title = {Autoregressive image generation using residual quantization.},
  journal = {CVPR},
  year = {2022}
}

@article{zhang2023regularized,
  author = {J.~Zhang et~al.},
  title = {Regularized vector quantization for tokenized image synthesis.},
  journal = {CVPR},
  year = {2023}
}

@article{baevski2019vq,
  author = {A.~Baevski et~al.},
  title = {vq-wav2vec: Self-supervised learning of discrete speech},
  journal = {},
  year = {}
}

@article{jang2016categorical,
  author = {E.~Jang et~al.},
  title = {Categorical reparameterization with gumbel-softmax.},
  journal = {arXiv},
  year = {1611}
}

@article{gao2022get3d,
  author = {J.~Gao et~al.},
  title = {Get3d: A generative model of high quality 3d textured shapes learned},
  journal = {},
  year = {}
}

@article{van2016conditional,
  author = {A.~Van~den Oord et~al.},
  title = {Conditional image generation with pixelcnn decoders.},
  journal = {NeurIPS},
  year = {2016}
}

@article{parmar2018imagetransformer,
  author = {N.~Parmar et~al.},
  title = {Image transformer.},
  journal = {ICML},
  year = {2018}
}

@article{huang2021picture,
  author = {Y.~Huang et~al.},
  title = {A picture is worth a thousand words: A unified system for divers},
  journal = {},
  year = {}
}

@article{huang2021unifying,
  author = {Y.~Huang et~al.},
  title = {Unifying multimodal transformer for bi-directional image and text},
  journal = {},
  year = {}
}

@article{hoogeboom2021argmax,
  author = {E.~Hoogeboom et~al.},
  title = {Argmax flows and multinomial diffusion: Towards non-autoregressiv},
  journal = {},
  year = {}
}

@article{chang2022maskgit,
  author = {H.~Chang et~al.},
  title = {Maskgit: Masked generative image transformer.},
  journal = {CVPR},
  year = {2022}
}

@article{zhang2021m6,
  author = {Z.~Zhang et~al.},
  title = {M6-ufc: Unifying multi-modal controls for conditional imag},
  journal = {},
  year = {}
}

@article{yu2021diverse,
  author = {Y.~Yu et~al.},
  title = {Diverse image inpainting with bidirectional and autoregressiv},
  journal = {},
  year = {}
}

@article{liu2022asset,
  author = {D.~Liu et~al.},
  title = {Asset: autoregressive semantic scene editing with transformers at},
  journal = {},
  year = {}
}

@article{xie2022neural,
  author = {Y.~Xie et~al.},
  title = {Neural fields in visual computing and beyond.},
  journal = {CGF},
  year = {2022}
}

@article{jain2022zero,
  author = {A.~Jain et~al.},
  title = {Zero-shot text-guided object generation with dream fields.},
  journal = {CVPR},
  year = {2022}
}

@article{hong2022avatarclip,
  author = {F.~Hong et~al.},
  title = {Avatarclip: Zero-shot text-driven generation and animation of 3d},
  journal = {},
  year = {}
}

@article{shen2021deep,
  author = {T.~Shen et~al.},
  title = {Deep marching tetrahedra: a hybrid representation for high-resoluti},
  journal = {},
  year = {}
}

@article{verbin2022ref,
  author = {D.~Verbin et~al.},
  title = {Ref-nerf: Structured view-dependent appearance for neural radia},
  journal = {},
  year = {}
}

@article{schwarz2020graf,
  author = {K.~Schwarz et~al.},
  title = {Graf: Generative radiance fields for 3d-aware image synthesis.},
  journal = {NeurIPS},
  year = {2020}
}

@article{niemeyer2021giraffe,
  author = {M.~Niemeyer and A.~Geiger.},
  title = {Giraffe: Representing scenes as compositional generative neura},
  journal = {},
  year = {}
}

@article{chan2021pi,
  author = {E.~R. Chan et~al.},
  title = {pi-gan: Periodic implicit generative adversarial networks for},
  journal = {},
  year = {}
}

@article{perez2018film,
  author = {E.~Perez et~al.},
  title = {Film: Visual reasoning with a general conditioning layer.},
  journal = {AAAI},
  year = {2018}
}

@article{sitzmann2020implicit,
  author = {V.~Sitzmann et~al.},
  title = {Implicit neural representations with periodic activation functions.},
  journal = {NeurIPS},
  year = {2020}
}

@article{gu2021stylenerf,
  author = {J.~Gu et~al.},
  title = {Stylenerf: A style-based 3d-aware generator for high-resolution imag},
  journal = {},
  year = {}
}

@article{chan2022efficient,
  author = {E.~R. Chan et~al.},
  title = {Efficient geometry-aware 3d generative adversarial networks.},
  journal = {CVPR},
  year = {2022}
}

@article{jo2021cg,
  author = {K.~Jo et~al.},
  title = {Cg-nerf: Conditional generative neural radiance fields.},
  journal = {arXiv},
  year = {2112}
}

@article{chen2022sem2nerf,
  author = {Y.~Chen et~al.},
  title = {Sem2nerf: Converting single-view semantic masks to neural radia},
  journal = {},
  year = {}
}

@article{sun2022fenerf,
  author = {J.~Sun et~al.},
  title = {Fenerf: Face editing in neural radiance fields.},
  journal = {CVPR},
  year = {2022}
}

@article{wang2021clip,
  author = {C.~Wang et~al.},
  title = {Clip-nerf: Text-and-image driven manipulation of neural radia},
  journal = {},
  year = {}
}

@article{xue2022deep,
  author = {Y.~Xue et~al.},
  title = {Deep image synthesis from intuitive user input: A review and},
  journal = {},
  year = {}
}

@article{zhou2017ade20k,
  author = {B.~Zhou et~al.},
  title = {Scene parsing through ade20k dataset.},
  journal = {CVPR},
  year = {2017}
}

@article{lin2014microsoft,
  author = {T.-Y. Lin et~al.},
  title = {Microsoft coco: Common objects in context.},
  journal = {ECCV},
  year = {2014}
}

@article{caesar2018cocostuff,
  author = {H.~Caesar et~al.},
  title = {Coco-stuff: Thing and stuff classes in context.},
  journal = {CVPR},
  year = {2018}
}

@article{yang2022panoptic,
  author = {J.~Yang et~al.},
  title = {Panoptic scene graph generation.},
  journal = {arXiv},
  year = {2207}
}

@article{cordts2016cityscapes,
  author = {M.~Cordts et~al.},
  title = {The cityscapes dataset for semantic urban scene understanding.},
  journal = {CVPR},
  year = {2016}
}

@article{liu2015celebahq,
  author = {Z.~Liu et~al.},
  title = {Deep learning face attributes in the wild.},
  journal = {ICCV},
  year = {2015}
}

@article{liu2016deepfashion,
  author = {Z.~Liu et~al.},
  title = {Deepfashion: Powering robust clothes recognition and retrieval with},
  journal = {},
  year = {}
}

@article{liang2015deep,
  author = {X.~Liang et~al.},
  title = {Deep human parsing with active template regression.},
  journal = {TPAMI},
  year = {2015}
}

@article{silberman2011indoor,
  author = {N.~Silberman and R.~Fergus.},
  title = {Indoor scene segmentation using a structured light sensor.},
  journal = {ICCVW},
  year = {2011}
}

@article{krause20133d,
  author = {J.~Krause et~al.},
  title = {3d object representations for fine-grained categorization.},
  journal = {ICCVW},
  year = {2013}
}

@article{nilsback2008automated,
  author = {M.-E. Nilsback and A.~Zisserman.},
  title = {Automated flower classification over a large number of classes.},
  journal = {ICVGIP},
  year = {2008}
}

@article{welinder2010caltech,
  author = {P.~Welinder et~al.},
  title = {Caltech-ucsd birds 200.},
  journal = {California Institute of Technology},
  year = {2010}
}

@article{schuhmannlaion,
  author = {C.~Schuhmann et~al.},
  title = {Laion-5b: An open large-scale dataset for training next generati},
  journal = {},
  year = {}
}

@article{krishna2017visual,
  author = {R.~Krishna et~al.},
  title = {Visual genome: Connecting language and vision using crowdsourced},
  journal = {},
  year = {}
}

@article{nagrani2017voxceleb,
  author = {A.~Nagrani et~al.},
  title = {Voxceleb: a large-scale speaker identification dataset.},
  journal = {arXiv},
  year = {1706}
}

@article{son2017lip,
  author = {J.~Son~Chung et~al.},
  title = {Lip reading sentences in the wild.},
  journal = {CVPR},
  year = {2017}
}

@article{fu2021language,
  author = {T.-J. Fu et~al.},
  title = {Language-driven image style transfer.},
  journal = {arXiv},
  year = {2106}
}

@article{kwon2021clipstyler,
  author = {G.~Kwon and J.~C. Ye.},
  title = {Clipstyler: Image style transfer with a single text condition.},
  journal = {arXiv},
  year = {2112}
}

@article{loeschcke2022text,
  author = {S.~Loeschcke et~al.},
  title = {Text-driven stylization of video objects.},
  journal = {arXiv},
  year = {2206}
}

@article{michel2022text2mesh,
  author = {O.~Michel et~al.},
  title = {Text2mesh: Text-driven neural stylization for meshes.},
  journal = {CVPR},
  year = {2022}
}

@article{khalid2022text,
  author = {N.~Khalid et~al.},
  title = {Text to mesh without 3d supervision using limit subdivision.},
  journal = {arXiv},
  year = {2203}
}

@article{mu20223d,
  author = {F.~Mu et~al.},
  title = {3d photo stylization: Learning to generate stylized novel views from},
  journal = {},
  year = {}
}

@article{noguchi2019rgbd,
  author = {A.~Noguchi and T.~Harada.},
  title = {Rgbd-gan: Unsupervised 3d representation learning from natural imag},
  journal = {},
  year = {}
}

@article{zhu2018visual,
  author = {J.-Y. Zhu et~al.},
  title = {Visual object networks: Image generation with disentangled 3d},
  journal = {},
  year = {}
}

@article{shi20223d,
  author = {Z.~Shi et~al.},
  title = {3d-aware indoor scene synthesis with depth priors.},
  journal = {ECCV},
  year = {2022}
}

@article{nguyen2019hologan,
  author = {T.~Nguyen-Phuoc et~al.},
  title = {Hologan: Unsupervised learning of 3d representations from natura},
  journal = {},
  year = {}
}

@article{jiang2021transgan,
  author = {Y.~Jiang et~al.},
  title = {Transgan: Two pure transformers can make one strong gan, and that ca},
  journal = {},
  year = {}
}

@article{park2022styleformer,
  author = {J.~Park and Y.~Kim.},
  title = {Styleformer: Transformer based generative adversarial networks with},
  journal = {},
  year = {}
}

@article{hudson2021generative,
  author = {D.~A. Hudson and C.~L. Zitnick.},
  title = {Generative adversarial transformers.},
  journal = {ICML},
  year = {2021}
}

@article{cho2020x,
  author = {J.~Cho et~al.},
  title = {X-lxmert: Paint, caption and answer questions with multi-moda},
  journal = {},
  year = {}
}

@article{huang2021multimodal,
  author = {X.~Huang et~al.},
  title = {Multimodal conditional image synthesis with product-of-experts gans.},
  journal = {arXiv},
  year = {2112}
}

@article{tan2021efficient,
  author = {Z.~Tan et~al.},
  title = {Efficient semantic image synthesis via class-adaptive normalization.},
  journal = {TPAMI},
  year = {2021}
}

@article{liu2019learning,
  author = {X.~Liu et~al.},
  title = {Learning to predict layout-to-image conditional convolutions for},
  journal = {},
  year = {}
}

@article{zhu2020semantically,
  author = {Z.~Zhu et~al.},
  title = {Semantically multi-modal image synthesis.},
  journal = {CVPR},
  year = {2020}
}

@article{tan2021diverse,
  author = {Z.~Tan et~al.},
  title = {Diverse semantic image synthesis via probability distributi},
  journal = {},
  year = {}
}

@article{hinz2019semantic,
  author = {T.~Hinz et~al.},
  title = {Semantic object accuracy for generative text-to-image synthesis.},
  journal = {arXiv},
  year = {1910}
}

@article{li2019object,
  author = {W.~Li et~al.},
  title = {Object-driven text-to-image synthesis via adversarial training.},
  journal = {CVPR},
  year = {2019}
}

@article{wang2020text,
  author = {Z.~Wang et~al.},
  title = {Text to image synthesis with bidirectional generative adversaria},
  journal = {},
  year = {}
}

@article{wang2020end,
  author = {M.~Wang et~al.},
  title = {End-to-end text-to-image synthesis with spatial constrains.},
  journal = {TIST},
  year = {2020}
}

@article{rombach2020network,
  author = {R.~Rombach et~al.},
  title = {Network-to-network translation with conditional invertible neura},
  journal = {},
  year = {}
}

@article{liang2020cpgan,
  author = {J.~Liang et~al.},
  title = {Cpgan: Content-parsing generative adversarial networks for},
  journal = {},
  year = {}
}

@article{ding2022cogview2,
  author = {M.~Ding et~al.},
  title = {Cogview2: Faster and better text-to-image generation via hierarchica},
  journal = {},
  year = {}
}

@article{chung2018voxceleb2,
  author = {J.~S. Chung et~al.},
  title = {Voxceleb2: Deep speaker recognition.},
  journal = {arXiv},
  year = {1806}
}

@article{chung2016lip,
  author = {J.~S. Chung and A.~Zisserman.},
  title = {Lip reading in the wild.},
  journal = {ACCV},
  year = {2016}
}

@article{salimans2016improved,
  author = {T.~Salimans et~al.},
  title = {Improved techniques for training gans.},
  journal = {NeurIPS},
  year = {2016}
}

@article{fid,
  author = {M.~Heusel et~al.},
  title = {Gans trained by a two time-scale update rule converge to a local nash},
  journal = {},
  year = {}
}

@article{hong2018inferring,
  author = {S.~Hong et~al.},
  title = {Inferring semantic layout for hierarchical text-to-image synthesis.},
  journal = {CVPR},
  year = {2018}
}

@article{chung2016out,
  author = {J.~S. Chung and A.~Zisserman.},
  title = {Out of time: automated lip sync in the wild.},
  journal = {ACCV},
  year = {2016}
}

@article{xiao2018unified,
  author = {T.~Xiao et~al.},
  title = {Unified perceptual parsing for scene understanding.},
  journal = {ECCV},
  year = {2018}
}

@article{yu2017dilated,
  author = {F.~Yu et~al.},
  title = {Dilated residual networks.},
  journal = {CVPR},
  year = {2017}
}

@article{chen2014semantic,
  author = {L.-C. Chen et~al.},
  title = {Semantic image segmentation with deep convolutional nets and fully},
  journal = {},
  year = {}
}

@article{liang2022expressive,
  author = {B.~Liang et~al.},
  title = {Expressive talking head generation with granular audio-visua},
  journal = {},
  year = {}
}

@article{ji2022eamm,
  author = {X.~Ji et~al.},
  title = {Eamm: One-shot emotional talking face via audio-based emotion-awar},
  journal = {},
  year = {}
}

@article{wu2023audio,
  author = {R.~Wu et~al.},
  title = {Audio-driven talking face generation with diverse yet realisti},
  journal = {},
  year = {}
}

@article{wang2022one,
  author = {S.~Wang et~al.},
  title = {One-shot talking face generation from single-speaker audio-visua},
  journal = {},
  year = {}
}

@article{wu2023human,
  author = {X.~Wu et~al.},
  title = {Human preference score v2: A solid benchmark for evaluating huma},
  journal = {},
  year = {}
}

@article{kirstain2023pick,
  author = {Y.~Kirstain et~al.},
  title = {Pick-a-pic: An open dataset of user preferences for text-to-imag},
  journal = {},
  year = {}
}

@article{jayaram2021parallel,
  author = {V.~Jayaram and J.~Thickstun.},
  title = {Parallel and flexible sampling from autoregressive models via},
  journal = {},
  year = {}
}

@article{dockhorn2021score,
  author = {T.~Dockhorn et~al.},
  title = {Score-based generative modeling with critically-damped langevi},
  journal = {},
  year = {}
}

@article{song2023consistency,
  author = {Y.~Song et~al.},
  title = {Consistency models.},
  journal = {ICML},
  year = {2023}
}

@article{deng2009imagenet,
  author = {J.~Deng et~al.},
  title = {{ImageNet}: A large-scale hierarchical image database.},
  journal = {CVPR},
  year = {2009}
}

@article{skorokhodov3d,
  author = {I.~Skorokhodov et~al.},
  title = {3d generation on imagenet.},
  journal = {ICLR},
  year = {2023}
}

@article{xu2022point,
  author = {Q.~Xu et~al.},
  title = {Point-nerf: Point-based neural radiance fields.},
  journal = {CVPR},
  year = {2022}
}

@article{bailey2020tools,
  author = {J.~Bailey.},
  title = {The tools of generative art, from flash to neural networks.},
  journal = {Art in America},
  year = {2020}
}

@article{mirsky2021creation,
  author = {Y.~Mirsky and W.~Lee.},
  title = {The creation and detection of deepfakes: A survey.},
  journal = {CSUR},
  year = {2021}
}

@inproceedings{fu2022stylegan,
  title={Stylegan-human: A data-centric odyssey of human generation},
  author={Fu, Jianglin and Li, Shikai and Jiang, Yuming and Lin, Kwan-Yee and Qian, Chen and Loy, Chen Change and Wu, Wayne and Liu, Ziwei},
  booktitle={European Conference on Computer Vision},
  pages={1--19},
  year={2022},
  organization={Springer}
}





@misc{kakaobrain2022coyo-700m,
  title         = {COYO-700M: Image-Text Pair Dataset},
  author        = {Byeon, Minwoo and Park, Beomhee and Kim, Haecheon and Lee, Sungjun and Baek, Woonhyuk and Kim, Saehoon},
  year          = {2022},
  howpublished  = {\url{https://github.com/kakaobrain/coyo-dataset}},
}

@article{DBLP:journals/corr/abs-2106-00666,
  author    = {Yuxin Fang and
               Bencheng Liao and
               Xinggang Wang and
               Jiemin Fang and
               Jiyang Qi and
               Rui Wu and
               Jianwei Niu and
               Wenyu Liu},
  title     = {You Only Look at One Sequence: Rethinking Transformer in Vision through
               Object Detection},
  journal   = {CoRR},
  volume    = {abs/2106.00666},
  year      = {2021},
  url       = {https://arxiv.org/abs/2106.00666},
  eprinttype = {arXiv},
  eprint    = {2106.00666},
  timestamp = {Fri, 29 Apr 2022 19:49:16 +0200},
  biburl    = {https://dblp.org/rec/journals/corr/abs-2106-00666.bib},
  bibsource = {dblp computer science bibliography, https://dblp.org}
}

@article{contributors2020openmmlab,
  title={Openmmlab pose estimation toolbox and benchmark},
  author={Contributors, MMPose},
  journal={https://github. com/open-mmlab/mmpose},
  year={2020}
}

@article{xu2022vitpose,
  title={Vitpose: Simple vision transformer baselines for human pose estimation},
  author={Xu, Yufei and Zhang, Jing and Zhang, Qiming and Tao, Dacheng},
  journal={Advances in Neural Information Processing Systems},
  volume={35},
  pages={38571--38584},
  year={2022}
}

@inproceedings{eftekhar2021omnidata,
  title={Omnidata: A Scalable Pipeline for Making Multi-Task Mid-Level Vision Datasets From 3D Scans},
  author={Eftekhar, Ainaz and Sax, Alexander and Malik, Jitendra and Zamir, Amir},
  booktitle={Proceedings of the IEEE/CVF International Conference on Computer Vision},
  pages={10786--10796},
  year={2021}
}

@ARTICLE {Ranftl2022,
    author  = "Ren\'{e} Ranftl and Katrin Lasinger and David Hafner and Konrad Schindler and Vladlen Koltun",
    title   = "Towards Robust Monocular Depth Estimation: Mixing Datasets for Zero-Shot Cross-Dataset Transfer",
    journal = "IEEE Transactions on Pattern Analysis and Machine Intelligence",
    year    = "2022",
    volume  = "44",
    number  = "3"
}

@misc{guo2023from,
  title={From Images to Textual Prompts: Zero-shot {VQA} with Frozen Large Language Models},
  author={Jiaxian Guo and Junnan Li and Dongxu Li and Anthony Tiong and Boyang Li and Dacheng Tao and Steven HOI},
  year={2023},
  url={https://openreview.net/forum?id=Ck1UtnVukP8}
}

@InProceedings{Rombach_2022_CVPR,
    author    = {Rombach, Robin and Blattmann, Andreas and Lorenz, Dominik and Esser, Patrick and Ommer, Bj\"orn},
    title     = {High-Resolution Image Synthesis With Latent Diffusion Models},
    booktitle = {Proceedings of the IEEE/CVF Conference on Computer Vision and Pattern Recognition (CVPR)},
    month     = {June},
    year      = {2022},
    pages     = {10684-10695}
}



@inproceedings{bulat2017far,
  title={How far are we from solving the 2D \& 3D Face Alignment problem? (and a dataset of 230,000 3D facial landmarks)},
  author={Bulat, Adrian and Tzimiropoulos, Georgios},
  booktitle={International Conference on Computer Vision},
  year={2017}
}

@inproceedings{lin2014microsoft,
  title={Microsoft coco: Common objects in context},
  author={Lin, Tsung-Yi and Maire, Michael and Belongie, Serge and Hays, James and Perona, Pietro and Ramanan, Deva and Doll{\'a}r, Piotr and Zitnick, C Lawrence},
  booktitle={Computer Vision--ECCV 2014: 13th European Conference, Zurich, Switzerland, September 6-12, 2014, Proceedings, Part V 13},
  pages={740--755},
  year={2014},
  organization={Springer}
}

@article{lu2022dpm,
  title={Dpm-solver: A fast ode solver for diffusion probabilistic model sampling in around 10 steps},
  author={Lu, Cheng and Zhou, Yuhao and Bao, Fan and Chen, Jianfei and Li, Chongxuan and Zhu, Jun},
  journal={Advances in Neural Information Processing Systems},
  volume={35},
  pages={5775--5787},
  year={2022}
}

@article{xue2023raphael,
  title={Raphael: Text-to-image generation via large mixture of diffusion paths},
  author={Xue, Zeyue and Song, Guanglu and Guo, Qiushan and Liu, Boxiao and Zong, Zhuofan and Liu, Yu and Luo, Ping},
  journal={arXiv preprint arXiv:2305.18295},
  year={2023}
}



@inproceedings{feng2023ernie,
  title={ERNIE-ViLG 2.0: Improving text-to-image diffusion model with knowledge-enhanced mixture-of-denoising-experts},
  author={Feng, Zhida and Zhang, Zhenyu and Yu, Xintong and Fang, Yewei and Li, Lanxin and Chen, Xuyi and Lu, Yuxiang and Liu, Jiaxiang and Yin, Weichong and Feng, Shikun and others},
  booktitle={Proceedings of the IEEE/CVF Conference on Computer Vision and Pattern Recognition},
  pages={10135--10145},
  year={2023}
}


@article{ma2017pose,
  title={Pose guided person image generation},
  author={Ma, Liqian and Jia, Xu and Sun, Qianru and Schiele, Bernt and Tuytelaars, Tinne and Van Gool, Luc},
  journal={Advances in neural information processing systems},
  volume={30},
  year={2017}
}

@inproceedings{zhang2022exploring,
  title={Exploring dual-task correlation for pose guided person image generation},
  author={Zhang, Pengze and Yang, Lingxiao and Lai, Jian-Huang and Xie, Xiaohua},
  booktitle={Proceedings of the IEEE/CVF Conference on Computer Vision and Pattern Recognition},
  pages={7713--7722},
  year={2022}
}

@article{siarohin2019appearance,
  title={Appearance and pose-conditioned human image generation using deformable gans},
  author={Siarohin, Aliaksandr and Lathuili{\`e}re, St{\'e}phane and Sangineto, Enver and Sebe, Nicu},
  journal={IEEE transactions on pattern analysis and machine intelligence},
  volume={43},
  number={4},
  pages={1156--1171},
  year={2019},
  publisher={IEEE}
}

@inproceedings{ren2020deep,
  title={Deep image spatial transformation for person image generation},
  author={Ren, Yurui and Yu, Xiaoming and Chen, Junming and Li, Thomas H and Li, Ge},
  booktitle={Proceedings of the IEEE/CVF Conference on Computer Vision and Pattern Recognition},
  pages={7690--7699},
  year={2020}
}

@article{yang2021towards,
  title={Towards fine-grained human pose transfer with detail replenishing network},
  author={Yang, Lingbo and Wang, Pan and Liu, Chang and Gao, Zhanning and Ren, Peiran and Zhang, Xinfeng and Wang, Shanshe and Ma, Siwei and Hua, Xiansheng and Gao, Wen},
  journal={IEEE Transactions on Image Processing},
  volume={30},
  pages={2422--2435},
  year={2021},
  publisher={IEEE}
}

@inproceedings{roy2022tips,
  title={Tips: Text-induced pose synthesis},
  author={Roy, Prasun and Ghosh, Subhankar and Bhattacharya, Saumik and Pal, Umapada and Blumenstein, Michael},
  booktitle={European Conference on Computer Vision},
  pages={161--178},
  year={2022},
  organization={Springer}
}


@inproceedings{zheng2015scalable,
  title={Scalable person re-identification: A benchmark},
  author={Zheng, Liang and Shen, Liyue and Tian, Lu and Wang, Shengjin and Wang, Jingdong and Tian, Qi},
  booktitle={Proceedings of the IEEE international conference on computer vision},
  pages={1116--1124},
  year={2015}
}

@inproceedings{han2018viton,
  title={Viton: An image-based virtual try-on network},
  author={Han, Xintong and Wu, Zuxuan and Wu, Zhe and Yu, Ruichi and Davis, Larry S},
  booktitle={Proceedings of the IEEE conference on computer vision and pattern recognition},
  pages={7543--7552},
  year={2018}
}

@inproceedings{ju2023human,
  title={Human-Art: A Versatile Human-Centric Dataset Bridging Natural and Artificial Scenes},
  author={Ju, Xuan and Zeng, Ailing and Wang, Jianan and Xu, Qiang and Zhang, Lei},
  booktitle={Proceedings of the IEEE/CVF Conference on Computer Vision and Pattern Recognition},
  pages={618--629},
  year={2023}
}

@inproceedings{gong2017look,
  title={Look into person: Self-supervised structure-sensitive learning and a new benchmark for human parsing},
  author={Gong, Ke and Liang, Xiaodan and Zhang, Dongyu and Shen, Xiaohui and Lin, Liang},
  booktitle={Proceedings of the IEEE conference on computer vision and pattern recognition},
  pages={932--940},
  year={2017}
}

@article{paszke2019pytorch,
  title={Pytorch: An imperative style, high-performance deep learning library},
  author={Paszke, Adam and Gross, Sam and Massa, Francisco and Lerer, Adam and Bradbury, James and Chanan, Gregory and Killeen, Trevor and Lin, Zeming and Gimelshein, Natalia and Antiga, Luca and others},
  journal={Advances in neural information processing systems},
  volume={32},
  pages={8026--8037},
  year={2019}
}

@inproceedings{adam,
  author    = {Diederik P. Kingma and
               Jimmy Ba},
  editor    = {Yoshua Bengio and
               Yann LeCun},
  title     = {Adam: {A} Method for Stochastic Optimization},
  booktitle = {3rd International Conference on Learning Representations, {ICLR} 2015,
               San Diego, CA, USA, May 7-9, 2015, Conference Track Proceedings},
  year      = {2015},
  url       = {http://arxiv.org/abs/1412.6980},
  timestamp = {Thu, 25 Jul 2019 14:25:37 +0200},
  biburl    = {https://dblp.org/rec/journals/corr/KingmaB14.bib},
  bibsource = {dblp computer science bibliography, https://dblp.org}
}

@misc{von-platen-etal-2022-diffusers,
  author = {Patrick von Platen and Suraj Patil and Anton Lozhkov and Pedro Cuenca and Nathan Lambert and Kashif Rasul and Mishig Davaadorj and Thomas Wolf},
  title = {Diffusers: State-of-the-art diffusion models},
  year = {2022},
  publisher = {GitHub},
  journal = {GitHub repository},
  howpublished = {\url{https://github.com/huggingface/diffusers}}
}

@article{bao2023one,
  title={One transformer fits all distributions in multi-modal diffusion at scale},
  author={Bao, Fan and Nie, Shen and Xue, Kaiwen and Li, Chongxuan and Pu, Shi and Wang, Yaole and Yue, Gang and Cao, Yue and Su, Hang and Zhu, Jun},
  journal={arXiv preprint arXiv:2303.06555},
  year={2023}
}

@article{yu2022scaling,
  title={Scaling autoregressive models for content-rich text-to-image generation},
  author={Yu, Jiahui and Xu, Yuanzhong and Koh, Jing Yu and Luong, Thang and Baid, Gunjan and Wang, Zirui and Vasudevan, Vijay and Ku, Alexander and Yang, Yinfei and Ayan, Burcu Karagol and others},
  journal={arXiv preprint arXiv:2206.10789},
  volume={2},
  number={3},
  pages={5},
  year={2022},
  publisher={Jun}
}



@article{salimans2022progressive,
  title={Progressive distillation for fast sampling of diffusion models},
  author={Salimans, Tim and Ho, Jonathan},
  journal={arXiv preprint arXiv:2202.00512},
  year={2022}
}

@inproceedings{parmar2021cleanfid,
  title={On Aliased Resizing and Surprising Subtleties in GAN Evaluation},
  author={Parmar, Gaurav and Zhang, Richard and Zhu, Jun-Yan},
  booktitle={CVPR},
  year={2022}
}

@inproceedings{wang2018toward,
  title={Toward characteristic-preserving image-based virtual try-on network},
  author={Wang, Bochao and Zheng, Huabin and Liang, Xiaodan and Chen, Yimin and Lin, Liang and Yang, Meng},
  booktitle={Proceedings of the European conference on computer vision (ECCV)},
  pages={589--604},
  year={2018}
}

@article{siarohin2019first,
  title={First order motion model for image animation},
  author={Siarohin, Aliaksandr and Lathuili{\`e}re, St{\'e}phane and Tulyakov, Sergey and Ricci, Elisa and Sebe, Nicu},
  journal={Advances in neural information processing systems},
  volume={32},
  year={2019}
}

@inproceedings{liu2019liquid,
  title={Liquid warping gan: A unified framework for human motion imitation, appearance transfer and novel view synthesis},
  author={Liu, Wen and Piao, Zhixin and Min, Jie and Luo, Wenhan and Ma, Lin and Gao, Shenghua},
  booktitle={Proceedings of the IEEE/CVF International Conference on Computer Vision},
  pages={5904--5913},
  year={2019}
}

@inproceedings{zhu2017your,
  title={Be your own prada: Fashion synthesis with structural coherence},
  author={Zhu, Shizhan and Urtasun, Raquel and Fidler, Sanja and Lin, Dahua and Change Loy, Chen},
  booktitle={Proceedings of the IEEE international conference on computer vision},
  pages={1680--1688},
  year={2017}
}




@inproceedings{ronneberger2015u,
  title={U-net: Convolutional networks for biomedical image segmentation},
  author={Ronneberger, Olaf and Fischer, Philipp and Brox, Thomas},
  booktitle={Medical Image Computing and Computer-Assisted Intervention--MICCAI 2015: 18th International Conference, Munich, Germany, October 5-9, 2015, Proceedings, Part III 18},
  pages={234--241},
  year={2015},
  organization={Springer}
}

@inproceedings{esser2021taming,
  title={Taming transformers for high-resolution image synthesis},
  author={Esser, Patrick and Rombach, Robin and Ommer, Bjorn},
  booktitle={Proceedings of the IEEE/CVF conference on computer vision and pattern recognition},
  pages={12873--12883},
  year={2021}
}

@article{lin2023common,
  title={Common Diffusion Noise Schedules and Sample Steps are Flawed},
  author={Lin, Shanchuan and Liu, Bingchen and Li, Jiashi and Yang, Xiao},
  journal={arXiv preprint arXiv:2305.08891},
  year={2023}
}

@article{yu2022monosdf,
  title={Monosdf: Exploring monocular geometric cues for neural implicit surface reconstruction},
  author={Yu, Zehao and Peng, Songyou and Niemeyer, Michael and Sattler, Torsten and Geiger, Andreas},
  journal={Advances in neural information processing systems},
  volume={35},
  pages={25018--25032},
  year={2022}
}

@inproceedings{deng2022depth,
  title={Depth-supervised nerf: Fewer views and faster training for free},
  author={Deng, Kangle and Liu, Andrew and Zhu, Jun-Yan and Ramanan, Deva},
  booktitle={Proceedings of the IEEE/CVF Conference on Computer Vision and Pattern Recognition},
  pages={12882--12891},
  year={2022}
}

@inproceedings{wang2022neuris,
  title={Neuris: Neural reconstruction of indoor scenes using normal priors},
  author={Wang, Jiepeng and Wang, Peng and Long, Xiaoxiao and Theobalt, Christian and Komura, Taku and Liu, Lingjie and Wang, Wenping},
  booktitle={European Conference on Computer Vision},
  pages={139--155},
  year={2022},
  organization={Springer}
}


@article{if,
    title= {DeepFloyd IF},
    author= {DeepFloyd},
    year = {2023},
    journal={Github Repository},
    url = {https://github.com/deep-floyd/IF}
}

@article{heusel2017gans,
  title={Gans trained by a two time-scale update rule converge to a local nash equilibrium},
  author={Heusel, Martin and Ramsauer, Hubert and Unterthiner, Thomas and Nessler, Bernhard and Hochreiter, Sepp},
  journal={Advances in neural information processing systems},
  volume={30},
  year={2017}
}

@article{binkowski2018demystifying,
  title={Demystifying mmd gans},
  author={Bi{\'n}kowski, Miko{\l}aj and Sutherland, Danica J and Arbel, Michael and Gretton, Arthur},
  journal={arXiv preprint arXiv:1801.01401},
  year={2018}
}

@article{wu2023human,
  title={Human Preference Score v2: A Solid Benchmark for Evaluating Human Preferences of Text-to-Image Synthesis},
  author={Wu, Xiaoshi and Hao, Yiming and Sun, Keqiang and Chen, Yixiong and Zhu, Feng and Zhao, Rui and Li, Hongsheng},
  journal={arXiv preprint arXiv:2306.09341},
  year={2023}
}

@misc{wu2023better,
      title={Better Aligning Text-to-Image Models with Human Preference}, 
      author={Xiaoshi Wu and Keqiang Sun and Feng Zhu and Rui Zhao and Hongsheng Li},
      year={2023},
      eprint={2303.14420},
      archivePrefix={arXiv},
      primaryClass={cs.CV}
}

@misc{xu2023imagereward,
      title={ImageReward: Learning and Evaluating Human Preferences for Text-to-Image Generation},
      author={Jiazheng Xu and Xiao Liu and Yuchen Wu and Yuxuan Tong and Qinkai Li and Ming Ding and Jie Tang and Yuxiao Dong},
      year={2023},
      eprint={2304.05977},
      archivePrefix={arXiv},
      primaryClass={cs.CV}
}

@article{kirstain2023pick,
  title={Pick-a-pic: An open dataset of user preferences for text-to-image generation},
  author={Kirstain, Yuval and Polyak, Adam and Singer, Uriel and Matiana, Shahbuland and Penna, Joe and Levy, Omer},
  journal={arXiv preprint arXiv:2305.01569},
  year={2023}
}

@article{li2023snapfusion,
  title={SnapFusion: Text-to-Image Diffusion Model on Mobile Devices within Two Seconds},
  author={Li, Yanyu and Wang, Huan and Jin, Qing and Hu, Ju and Chemerys, Pavlo and Fu, Yun and Wang, Yanzhi and Tulyakov, Sergey and Ren, Jian},
  journal={arXiv preprint arXiv:2306.00980},
  year={2023}
}

@article{kim2023architectural,
  title={On Architectural Compression of Text-to-Image Diffusion Models},
  author={Kim, Bo-Kyeong and Song, Hyoung-Kyu and Castells, Thibault and Choi, Shinkook},
  journal={arXiv preprint arXiv:2305.15798},
  year={2023}
}



@inproceedings{liu2022semantic,
  title={Semantic-aware implicit neural audio-driven video portrait generation},
  author={Liu, Xian and Xu, Yinghao and Wu, Qianyi and Zhou, Hang and Wu, Wayne and Zhou, Bolei},
  booktitle={European Conference on Computer Vision},
  pages={106--125},
  year={2022},
  organization={Springer}
}

@inproceedings{liu2022learning,
  title={Learning hierarchical cross-modal association for co-speech gesture generation},
  author={Liu, Xian and Wu, Qianyi and Zhou, Hang and Xu, Yinghao and Qian, Rui and Lin, Xinyi and Zhou, Xiaowei and Wu, Wayne and Dai, Bo and Zhou, Bolei},
  booktitle={Proceedings of the IEEE/CVF Conference on Computer Vision and Pattern Recognition},
  pages={10462--10472},
  year={2022}
}

@inproceedings{wu2022object,
  title={Object-compositional neural implicit surfaces},
  author={Wu, Qianyi and Liu, Xian and Chen, Yuedong and Li, Kejie and Zheng, Chuanxia and Cai, Jianfei and Zheng, Jianmin},
  booktitle={European Conference on Computer Vision},
  pages={197--213},
  year={2022},
  organization={Springer}
}

@inproceedings{zhu2023taming,
  title={Taming diffusion models for audio-driven co-speech gesture generation},
  author={Zhu, Lingting and Liu, Xian and Liu, Xuanyu and Qian, Rui and Liu, Ziwei and Yu, Lequan},
  booktitle={Proceedings of the IEEE/CVF Conference on Computer Vision and Pattern Recognition},
  pages={10544--10553},
  year={2023}
}

@inproceedings{yu2023monohuman,
  title={Monohuman: Animatable human neural field from monocular video},
  author={Yu, Zhengming and Cheng, Wei and Liu, Xian and Wu, Wayne and Lin, Kwan-Yee},
  booktitle={Proceedings of the IEEE/CVF Conference on Computer Vision and Pattern Recognition},
  pages={16943--16953},
  year={2023}
}

@article{liu2022audio,
  title={Audio-driven co-speech gesture video generation},
  author={Liu, Xian and Wu, Qianyi and Zhou, Hang and Du, Yuanqi and Wu, Wayne and Lin, Dahua and Liu, Ziwei},
  journal={Advances in Neural Information Processing Systems},
  volume={35},
  pages={21386--21399},
  year={2022}
}

@article{liu2023humangaussian,
  title={Humangaussian: Text-driven 3d human generation with gaussian splatting},
  author={Liu, Xian and Zhan, Xiaohang and Tang, Jiaxiang and Shan, Ying and Zeng, Gang and Lin, Dahua and Liu, Xihui and Liu, Ziwei},
  journal={arXiv preprint arXiv:2311.17061},
  year={2023}
}
@misc{Authors14,
 author = {FirstName LastName},
 title = {The frobnicatable foo filter},
 note = {Face and Gesture submission ID 324. Supplied as supplemental material {\tt fg324.pdf}},
 year = 2014
}

@misc{Authors14b,
 author = {FirstName LastName},
 title = {Frobnication tutorial},
 note = {Supplied as supplemental material {\tt tr.pdf}},
 year = 2014
}

@article{Alpher02,
author = {FirstName Alpher},
title = {Frobnication},
journal = PAMI,
volume = 12,
number = 1,
pages = {234--778},
year = 2002
}

@article{Alpher03,
author = {FirstName Alpher and  FirstName Fotheringham-Smythe},
title = {Frobnication revisited},
journal = {Journal of Foo},
volume = 13,
number = 1,
pages = {234--778},
year = 2003
}

@article{Alpher04,
author = {FirstName Alpher and FirstName Fotheringham-Smythe and FirstName Gamow},
title = {Can a machine frobnicate?},
journal = {Journal of Foo},
volume = 14,
number = 1,
pages = {234--778},
year = 2004
}


@inproceedings{Alpher05,
author = {FirstName Alpher and FirstName Gamow},
title = {Can a computer frobnicate?},
booktitle = CVPR,
pages = {234--778},
year = 2005
}
@article{openpose,
  author = {Z. {Cao} and G. {Hidalgo Martinez} and T. {Simon} and S. {Wei} and Y. A. {Sheikh}},
  journal = {IEEE Transactions on Pattern Analysis and Machine Intelligence},
  title = {OpenPose: Realtime Multi-Person 2D Pose Estimation using Part Affinity Fields},
  year = {2019}
}


@inproceedings{MSCOCO_lin2014microsoft,
  title={Microsoft coco: Common objects in context},
  author={Lin, Tsung-Yi and Maire, Michael and Belongie, Serge and Hays, James and Perona, Pietro and Ramanan, Deva and Doll{\'a}r, Piotr and Zitnick, C Lawrence},
  booktitle={Computer Vision--ECCV 2014: 13th European Conference, Zurich, Switzerland, September 6-12, 2014, Proceedings, Part V 13},
  pages={740--755},
  year={2014},
  organization={Springer}
}
@misc{lv2023detrs,
      title={DETRs Beat YOLOs on Real-time Object Detection},
      author={Wenyu Lv and Shangliang Xu and Yian Zhao and Guanzhong Wang and Jinman Wei and Cheng Cui and Yuning Du and Qingqing Dang and Yi Liu},
      year={2023},
      eprint={2304.08069},
      archivePrefix={arXiv},
      primaryClass={cs.CV}
}
@article{madhu2022enhancing,
  title={Enhancing human pose estimation in ancient vase paintings via perceptually-grounded style transfer learning},
  author={Madhu, Prathmesh and Villar-Corrales, Angel and Kosti, Ronak and Bendschus, Torsten and Reinhardt, Corinna and Bell, Peter and Maier, Andreas and Christlein, Vincent},
  journal={ACM Journal on Computing and Cultural Heritage},
  volume={16},
  number={1},
  pages={1--17},
  year={2022},
  publisher={ACM New York, NY}
}
@misc{kakaobrain2022coyo_700m,
  title         = {COYO-700M: Image-Text Pair Dataset},
  author        = {Byeon, Minwoo and Park, Beomhee and Kim, Haecheon and Lee, Sungjun and Baek, Woonhyuk and Kim, Saehoon},
  year          = {2022},
  howpublished  = {\url{https://github.com/kakaobrain/coyo-dataset}},
}
@inproceedings{NEURIPS2020_4c5bcfec,
 author = {Ho, Jonathan and Jain, Ajay and Abbeel, Pieter},
 booktitle = {Advances in Neural Information Processing Systems},
 pages = {6840--6851},
 title = {Denoising Diffusion Probabilistic Models},
 volume = {33},
 year = {2020}
}

@article{ho2022cascaded,
  title={Cascaded diffusion models for high fidelity image generation},
  author={Ho, Jonathan and Saharia, Chitwan and Chan, William and Fleet, David J and Norouzi, Mohammad and Salimans, Tim},
  journal={The Journal of Machine Learning Research},
  pages={2249--2281},
  year={2022},
}
@article{DALLE_2,
  title={Hierarchical text-conditional image generation with clip latents},
  author={Ramesh, Aditya and Dhariwal, Prafulla and Nichol, Alex and Chu, Casey and Chen, Mark},
  journal={arXiv preprint arXiv:2204.06125},
  volume={1},
  number={2},
  pages={3},
  year={2022}
}

@article{GLIDE,
  title={Glide: Towards photorealistic image generation and editing with text-guided diffusion models},
  author={Nichol, Alex and Dhariwal, Prafulla and Ramesh, Aditya and Shyam, Pranav and Mishkin, Pamela and McGrew, Bob and Sutskever, Ilya and Chen, Mark},
  journal={arXiv preprint arXiv:2112.10741},
  year={2021}
}

@inproceedings{gafni2022make,
  title={Make-a-scene: Scene-based text-to-image generation with human priors},
  author={Gafni, Oran and Polyak, Adam and Ashual, Oron and Sheynin, Shelly and Parikh, Devi and Taigman, Yaniv},
  booktitle={European Conference on Computer Vision},
  pages={89--106},
  year={2022},
}

@article{sauer2023stylegan,
  title={Stylegan-t: Unlocking the power of gans for fast large-scale text-to-image synthesis},
  author={Sauer, Axel and Karras, Tero and Laine, Samuli and Geiger, Andreas and Aila, Timo},
  journal={arXiv preprint arXiv:2301.09515},
  year={2023}
}
@inproceedings{kang2023scaling,
  title={Scaling up gans for text-to-image synthesis},
  author={Kang, Minguk and Zhu, Jun-Yan and Zhang, Richard and Park, Jaesik and Shechtman, Eli and Paris, Sylvain and Park, Taesung},
  booktitle={Proceedings of the IEEE/CVF Conference on Computer Vision and Pattern Recognition},
  pages={10124--10134},
  year={2023}
}
@inproceedings{stablediffusion,
  title={High-resolution image synthesis with latent diffusion models},
  author={Rombach, Robin and Blattmann, Andreas and Lorenz, Dominik and Esser, Patrick and Ommer, Bj{\"o}rn},
  booktitle={Proceedings of the IEEE/CVF conference on computer vision and pattern recognition},
  pages={10684--10695},
  year={2022}
}
@inproceedings{controlnet,
  title={Adding conditional control to text-to-image diffusion models},
  author={Zhang, Lvmin and Rao, Anyi and Agrawala, Maneesh},
  booktitle={Proceedings of the IEEE/CVF International Conference on Computer Vision},
  pages={3836--3847},
  year={2023}
}
@article{t2i_adapter,
  title={T2i-adapter: Learning adapters to dig out more controllable ability for text-to-image diffusion models},
  author={Mou, Chong and Wang, Xintao and Xie, Liangbin and Zhang, Jian and Qi, Zhongang and Shan, Ying and Qie, Xiaohu},
  journal={arXiv preprint arXiv:2302.08453},
  year={2023}
}


@misc{SDXL,
      title={SDXL: Improving Latent Diffusion Models for High-Resolution Image Synthesis}, 
      author={Dustin Podell and Zion English and Kyle Lacey and Andreas Blattmann and Tim Dockhorn and Jonas Müller and Joe Penna and Robin Rombach},
      year={2023},
      eprint={2307.01952},
      archivePrefix={arXiv},
      primaryClass={cs.CV}
}

@inproceedings{ju2023humanART,
    title={Human-Art: A Versatile Human-Centric Dataset Bridging Natural and Artificial Scenes},
    author={Ju, Xuan and Zeng, Ailing and Wang, Jianan and Xu, Qiang and Zhang, Lei},
    booktitle={Proceedings of the IEEE/CVF Conference on Computer Vision and Pattern Recognition},
    year={2023},
}
@inproceedings{CLIP,
  title={Learning transferable visual models from natural language supervision},
  author={Radford, Alec and Kim, Jong Wook and Hallacy, Chris and Ramesh, Aditya and Goh, Gabriel and Agarwal, Sandhini and Sastry, Girish and Askell, Amanda and Mishkin, Pamela and Clark, Jack and others},
  booktitle={International conference on machine learning},
  pages={8748--8763},
  year={2021},
  organization={PMLR}
}
@misc{SDG,
      title={More Control for Free! Image Synthesis with Semantic Diffusion Guidance}, 
      author={Xihui Liu and Dong Huk Park and Samaneh Azadi and Gong Zhang and Arman Chopikyan and Yuxiao Hu and Humphrey Shi and Anna Rohrbach and Trevor Darrell},
      year={2022},
      eprint={2112.05744},
      archivePrefix={arXiv},
      primaryClass={cs.CV}
}
@inproceedings{zhang2022exploringGAN,
  title={Exploring dual-task correlation for pose guided person image generation},
  author={Zhang, Pengze and Yang, Lingxiao and Lai, Jian-Huang and Xie, Xiaohua},
  booktitle={Proceedings of the IEEE/CVF Conference on Computer Vision and Pattern Recognition},
  pages={7713--7722},
  year={2022}
}
@article{xu2021text_to_human,
  title={Text-guided human image manipulation via image-text shared space},
  author={Xu, Xiaogang and Chen, Ying-Cong and Tao, Xin and Jia, Jiaya},
  journal={IEEE Transactions on Pattern Analysis and Machine Intelligence},
  volume={44},
  number={10},
  pages={6486--6500},
  year={2021},
  publisher={IEEE}
}
@article{Imagen_saharia2022photorealistic,
  title={Photorealistic text-to-image diffusion models with deep language understanding},
  author={Saharia, Chitwan and Chan, William and Saxena, Saurabh and Li, Lala and Whang, Jay and Denton, Emily L and Ghasemipour, Kamyar and Gontijo Lopes, Raphael and Karagol Ayan, Burcu and Salimans, Tim and others},
  journal={Advances in Neural Information Processing Systems},
  volume={35},
  pages={36479--36494},
  year={2022}
}
@inproceedings{open_pose_cao2017realtime,
  title={Realtime multi-person 2d pose estimation using part affinity fields},
  author={Cao, Zhe and Simon, Tomas and Wei, Shih-En and Sheikh, Yaser},
  booktitle={Proceedings of the IEEE conference on computer vision and pattern recognition},
  pages={7291--7299},
  year={2017}
}
@inproceedings{Pose2Seg_zhang2019pose2seg,
  title={Pose2seg: Detection free human instance segmentation},
  author={Zhang, Song-Hai and Li, Ruilong and Dong, Xin and Rosin, Paul and Cai, Zixi and Han, Xi and Yang, Dingcheng and Huang, Haozhi and Hu, Shi-Min},
  booktitle={Proceedings of the IEEE/CVF conference on computer vision and pattern recognition},
  pages={889--898},
  year={2019}
}
@inproceedings{HandDetec_narasimhaswamy2022whose,
  title={Whose hands are these? hand detection and hand-body association in the wild},
  author={Narasimhaswamy, Supreeth and Nguyen, Thanh and Huang, Mingzhen and Hoai, Minh},
  booktitle={Proceedings of the IEEE/CVF Conference on Computer Vision and Pattern Recognition},
  pages={4889--4899},
  year={2022}
}
@inproceedings{CrowdPose_li2019crowdpose,
  title={Crowdpose: Efficient crowded scenes pose estimation and a new benchmark},
  author={Li, Jiefeng and Wang, Can and Zhu, Hao and Mao, Yihuan and Fang, Hao-Shu and Lu, Cewu},
  booktitle={Proceedings of the IEEE/CVF conference on computer vision and pattern recognition},
  pages={10863--10872},
  year={2019}
}

@inproceedings{yolo_redmon2016you,
  title={You only look once: Unified, real-time object detection},
  author={Redmon, Joseph and Divvala, Santosh and Girshick, Ross and Farhadi, Ali},
  booktitle={Proceedings of the IEEE conference on computer vision and pattern recognition},
  pages={779--788},
  year={2016}
}
@inproceedings{Posetrack_andriluka2018posetrack,
  title={Posetrack: A benchmark for human pose estimation and tracking},
  author={Andriluka, Mykhaylo and Iqbal, Umar and Insafutdinov, Eldar and Pishchulin, Leonid and Milan, Anton and Gall, Juergen and Schiele, Bernt},
  booktitle={Proceedings of the IEEE conference on computer vision and pattern recognition},
  pages={5167--5176},
  year={2018}
}
@article{GPT_brown2020language,
  title={Language models are few-shot learners},
  author={Brown, Tom and Mann, Benjamin and Ryder, Nick and Subbiah, Melanie and Kaplan, Jared D and Dhariwal, Prafulla and Neelakantan, Arvind and Shyam, Pranav and Sastry, Girish and Askell, Amanda and others},
  journal={Advances in neural information processing systems},
  pages={1877--1901},
  year={2020}
}
@misc{ma2018pose,
      title={Pose Guided Person Image Generation}, 
      author={Liqian Ma and Xu Jia and Qianru Sun and Bernt Schiele and Tinne Tuytelaars and Luc Van Gool},
      year={2018},
      eprint={1705.09368},
      archivePrefix={arXiv},
      primaryClass={cs.CV}
}
@inproceedings{Multi_Person_PoseTrack_iqbal2017posetrack,
  title={Posetrack: Joint multi-person pose estimation and tracking},
  author={Iqbal, Umar and Milan, Anton and Gall, Juergen},
  booktitle={Proceedings of the IEEE Conference on Computer Vision and Pattern Recognition},
  pages={2011--2020},
  year={2017}
}
@inproceedings{Yutubepose_charles2016personalizing,
  title={Personalizing human video pose estimation},
  author={Charles, James and Pfister, Tomas and Magee, Derek and Hogg, David and Zisserman, Andrew},
  booktitle={Proceedings of the IEEE conference on computer vision and pattern recognition},
  pages={3063--3072},
  year={2016}
}
@misc{labelme,
  author = {Kentaro Wada},
  title = {labelme: Image Polygonal Annotation with Python},
  year = {2018},
  publisher = {GitHub},
  journal = {GitHub repository},
  howpublished = {\url{https://github.com/wkentaro/labelme}},
  commit = {master},
}

@misc{segmind_ssd1b,
  author = {Segmind},
  title = {Announcing SSD-1B: A Leap in Efficient T2I Generation},
  year = {2023},
  url = {https://blog.segmind.com/introducing-segmind-ssd-1b/},
  note = {Online; accessed 16-November-2023}
}
@misc{ho2022classifierfree,
      title={Classifier-Free Diffusion Guidance}, 
      author={Jonathan Ho and Tim Salimans},
      year={2022},
      eprint={2207.12598},
      archivePrefix={arXiv},
      primaryClass={cs.LG}
}
@misc{chen2023pixartalpha,
      title={PixArt-$\alpha$: Fast Training of Diffusion Transformer for Photorealistic Text-to-Image Synthesis}, 
      author={Junsong Chen and Jincheng Yu and Chongjian Ge and Lewei Yao and Enze Xie and Yue Wu and Zhongdao Wang and James Kwok and Ping Luo and Huchuan Lu and Zhenguo Li},
      year={2023},
      eprint={2310.00426},
      archivePrefix={arXiv},
      primaryClass={cs.CV}
}

@misc{shonenkov2023deepfloyd,
  author = {Shonenkov, Alex and Konstantinov, Misha and Bakshandaeva, Daria and Schuhmann, Christoph and Ivanova, Ksenia and Klokova, Nadiia},
  title = {DeepFloyd IF: A Powerful Text-to-Image Model That Can Smartly Integrate Text into Images},
  year = {2023},
  url = {https://www.deepfloyd.ai/deepfloyd-if},
  note = {Online; accessed 16-November-2023}
}




@misc{luo2023latent,
      title={Latent Consistency Models: Synthesizing High-Resolution Images with Few-Step Inference}, 
      author={Simian Luo and Yiqin Tan and Longbo Huang and Jian Li and Hang Zhao},
      year={2023},
      eprint={2310.04378},
      archivePrefix={arXiv},
      primaryClass={cs.CV}
}

@misc{prabhudesai2023aligning,
title={Aligning Text-to-Image Diffusion Models with Reward Backpropagation}, 
author={Mihir Prabhudesai and Anirudh Goyal and Deepak Pathak and Katerina Fragkiadaki},
year={2023},
eprint={2310.03739},
archivePrefix={arXiv},
primaryClass={cs.CV}
}

@misc{openai2023dalle3,
  title = {Improving Image Generation with Better Captions},
  author = {OpenAI},
  year = {2023},
  url = {https://cdn.openai.com/papers/dall-e-3.pdf},
  note = {Online; accessed 16-November-2023}
}

@article{brack2023Sega,
      title={SEGA: Instructing Diffusion using Semantic Dimensions}, 
      author={Manuel Brack and Felix Friedrich and Dominik Hintersdorf and Lukas Struppek and Patrick Schramowski and Kristian Kersting},
      year={2023},
      journal={arXiv preprint arXiv:2301.12247}
}

@misc{schuhmann2023laionaesthetics,
  author = {Schuhmann, Christoph},
  title = {LAION-Aesthetics Predictor V2},
  year = {2023},
  url = {https://laion.ai/blog/laion-aesthetics/},
  note = {Online; accessed 16-November-2023}
}
@inproceedings{resnet50_he2016deep,
  title={Deep residual learning for image recognition},
  author={He, Kaiming and Zhang, Xiangyu and Ren, Shaoqing and Sun, Jian},
  booktitle={Proceedings of the IEEE conference on computer vision and pattern recognition},
  pages={770--778},
  year={2016}
}
